2021-03-19 10:52:33.154329{'uuid': '662adeb0-3ad1-4c62-adcd-218330b2e6fb', 'side': 'bid', 'ord_type': 'limit', 'price': '811.0', 'state': 'wait', 'market': 'KRW-CHZ', 'created_at': '2021-03-19T19:52:33+09:00', 'volume': '123.0', 'remaining_volume': '123.0', 'reserved_fee': '49.8765', 'remaining_fee': '49.8765', 'paid_fee': '0.0', 'locked': '99802.8765', 'executed_volume': '0.0', 'trades_count': 0}2021-03-19 12:00:40.067679{'error': {'message': '최소주문금액 이상으로 주문해주세요', 'name': 'under_min_total_bid'}}2021-03-19 12:16:54.682951{'uuid': '082b58bb-b0ee-4a57-9343-6c1a3c514fdd', 'side': 'bid', 'ord_type': 'limit', 'price': '278.0', 'state': 'wait', 'market': 'KRW-CRO', 'created_at': '2021-03-19T21:16:54+09:00', 'volume': '35.0', 'remaining_volume': '35.0', 'reserved_fee': '4.865', 'remaining_fee': '4.865', 'paid_fee': '0.0', 'locked': '9734.865', 'executed_volume': '0.0', 'trades_count': 0}

2021-03-19 12:31:34.004596{'uuid': 'caacd85b-c51b-4efa-9950-05db58cb2cfd', 'side': 'bid', 'ord_type': 'limit', 'price': '811.0', 'state': 'wait', 'market': 'KRW-CHZ', 'created_at': '2021-03-19T21:31:33+09:00', 'volume': '12.33045622', 'remaining_volume': '12.33045622', 'reserved_fee': '4.99999999721', 'remaining_fee': '4.99999999721', 'paid_fee': '0.0', 'locked': '10004.99999441721', 'executed_volume': '0.0', 'trades_count': 0}
2021-03-19 12:48:41.330969{'uuid': 'cac68fd8-d1b9-4dc3-a9da-e5a3af05f594', 'side': 'bid', 'ord_type': 'limit', 'price': '68818000.0', 'state': 'wait', 'market': 'KRW-BTC', 'created_at': '2021-03-19T21:48:41+09:00', 'volume': '0.0014531', 'remaining_volume': '0.0014531', 'reserved_fee': '49.9997179', 'remaining_fee': '49.9997179', 'paid_fee': '0.0', 'locked': '100049.4355179', 'executed_volume': '0.0', 'trades_count': 0}
2021-03-19 14:44:21.712349{'uuid': '98867f85-78fa-4dc9-8433-ae87cf697c0f', 'side': 'bid', 'ord_type': 'limit', 'price': '44.1', 'state': 'wait', 'market': 'KRW-MVL', 'created_at': '2021-03-19T23:44:21+09:00', 'volume': '2272.72727272', 'remaining_volume': '2272.72727272', 'reserved_fee': '50.113636363476', 'remaining_fee': '50.113636363476', 'paid_fee': '0.0', 'locked': '100277.386363315476', 'executed_volume': '0.0', 'trades_count': 0}
2021-03-19 17:01:15.604722{'uuid': '275e6efa-75a8-498d-84a3-fcb192cb03b1', 'side': 'bid', 'ord_type': 'limit', 'price': '25.5', 'state': 'wait', 'market': 'KRW-MBL', 'created_at': '2021-03-20T02:01:15+09:00', 'volume': '4000.0', 'remaining_volume': '4000.0', 'reserved_fee': '51.0', 'remaining_fee': '51.0', 'paid_fee': '0.0', 'locked': '102051.0', 'executed_volume': '0.0', 'trades_count': 0}
2021-03-20 03:08:44.266700{'uuid': 'c66f2d5f-a829-4206-9b52-893028930ef1', 'side': 'bid', 'ord_type': 'limit', 'price': '557.0', 'state': 'wait', 'market': 'KRW-XRP', 'created_at': '2021-03-20T12:08:44+09:00', 'volume': '179.53321364', 'remaining_volume': '179.53321364', 'reserved_fee': '49.99999999874', 'remaining_fee': '49.99999999874', 'paid_fee': '0.0', 'locked': '100049.99999747874', 'executed_volume': '0.0', 'trades_count': 0}
2021-03-20 03:52:47.306259{'uuid': '88b94657-05dd-4ef2-abfc-ebf729e20ae2', 'side': 'bid', 'ord_type': 'limit', 'price': '263.0', 'state': 'wait', 'market': 'KRW-MOC', 'created_at': '2021-03-20T12:52:47+09:00', 'volume': '380.22813688', 'remaining_volume': '380.22813688', 'reserved_fee': '49.99999999972', 'remaining_fee': '49.99999999972', 'paid_fee': '0.0', 'locked': '100049.99999943972', 'executed_volume': '0.0', 'trades_count': 0}
2021-03-20 05:18:22.780550{'uuid': '93d6a15c-ee6b-4f5c-8883-5db73d6fc70b', 'side': 'bid', 'ord_type': 'limit', 'price': '572.0', 'state': 'wait', 'market': 'KRW-HUNT', 'created_at': '2021-03-20T14:18:22+09:00', 'volume': '174.82517482', 'remaining_volume': '174.82517482', 'reserved_fee': '49.99999999852', 'remaining_fee': '49.99999999852', 'paid_fee': '0.0', 'locked': '100049.99999703852', 'executed_volume': '0.0', 'trades_count': 0}
2021-03-20 07:45:46.292443{'uuid': '57115828-6832-4db3-95a2-776fbe30af2f', 'side': 'bid', 'ord_type': 'limit', 'price': '51.9', 'state': 'wait', 'market': 'KRW-MVL', 'created_at': '2021-03-20T16:45:46+09:00', 'volume': '1960.78431372', 'remaining_volume': '1960.78431372', 'reserved_fee': '50.882352941034', 'remaining_fee': '50.882352941034', 'paid_fee': '0.0', 'locked': '101815.588235009034', 'executed_volume': '0.0', 'trades_count': 0}
2021-03-20 09:30:07.837128{'uuid': '2acb3263-f12f-4787-8f8e-f0bfe01ee79a', 'side': 'bid', 'ord_type': 'limit', 'price': '39.4', 'state': 'wait', 'market': 'KRW-IQ', 'created_at': '2021-03-20T18:30:07+09:00', 'volume': '2564.1025641', 'remaining_volume': '2564.1025641', 'reserved_fee': '50.51282051277', 'remaining_fee': '50.51282051277', 'paid_fee': '0.0', 'locked': '101076.15384605277', 'executed_volume': '0.0', 'trades_count': 0}
2021-03-20 10:46:27.172722{'uuid': '386d4d76-bf4d-4943-b3f3-acb216a839de', 'side': 'bid', 'ord_type': 'limit', 'price': '30.6', 'state': 'wait', 'market': 'KRW-MBL', 'created_at': '2021-03-20T19:46:27+09:00', 'volume': '3333.33333333', 'remaining_volume': '3333.33333333', 'reserved_fee': '50.999999999949', 'remaining_fee': '50.999999999949', 'paid_fee': '0.0', 'locked': '102050.999999897949', 'executed_volume': '0.0', 'trades_count': 0}
2021-03-20 12:02:44.949229{'uuid': '515ddb27-b87b-4f5b-afae-6ad5bacadf9c', 'side': 'bid', 'ord_type': 'limit', 'price': '39.6', 'state': 'wait', 'market': 'KRW-CRE', 'created_at': '2021-03-20T21:02:44+09:00', 'volume': '2564.1025641', 'remaining_volume': '2564.1025641', 'reserved_fee': '50.76923076918', 'remaining_fee': '50.76923076918', 'paid_fee': '0.0', 'locked': '101589.23076912918', 'executed_volume': '0.0', 'trades_count': 0}
2021-03-20 12:41:53.835461{'uuid': '0c3727cc-6084-4efa-b057-fb3578cc7e45', 'side': 'bid', 'ord_type': 'limit', 'price': '294.0', 'state': 'wait', 'market': 'KRW-META', 'created_at': '2021-03-20T21:41:53+09:00', 'volume': '340.13605442', 'remaining_volume': '340.13605442', 'reserved_fee': '49.99999999974', 'remaining_fee': '49.99999999974', 'paid_fee': '0.0', 'locked': '100049.99999947974', 'executed_volume': '0.0', 'trades_count': 0}
2021-03-20 13:57:06.325480{'uuid': 'f14609bc-850f-4b58-a550-c608c4211054', 'side': 'bid', 'ord_type': 'limit', 'price': '263.0', 'state': 'wait', 'market': 'KRW-MOC', 'created_at': '2021-03-20T22:57:06+09:00', 'volume': '380.22813688', 'remaining_volume': '380.22813688', 'reserved_fee': '49.99999999972', 'remaining_fee': '49.99999999972', 'paid_fee': '0.0', 'locked': '100049.99999943972', 'executed_volume': '0.0', 'trades_count': 0}
2021-03-20 14:03:00.858721{'uuid': 'c74af554-af7e-4b9f-8837-cca4c84edd43', 'side': 'bid', 'ord_type': 'limit', 'price': '8.0', 'state': 'wait', 'market': 'KRW-NPXS', 'created_at': '2021-03-20T23:03:00+09:00', 'volume': '12500.0', 'remaining_volume': '12500.0', 'reserved_fee': '50.0', 'remaining_fee': '50.0', 'paid_fee': '0.0', 'locked': '100050.0', 'executed_volume': '0.0', 'trades_count': 0}
2021-03-20 22:34:02.237434{'error': {'message': '주문가능한 금액(KRW)이 부족합니다.', 'name': 'insufficient_funds_bid'}}
2021-03-21 01:12:33.975846{'uuid': 'c6cc1f63-06ec-48da-9f13-bc9faf35c2cc', 'side': 'bid', 'ord_type': 'limit', 'price': '29.0', 'state': 'wait', 'market': 'KRW-MBL', 'created_at': '2021-03-21T10:12:33+09:00', 'volume': '3448.27586206', 'remaining_volume': '3448.27586206', 'reserved_fee': '49.99999999987', 'remaining_fee': '49.99999999987', 'paid_fee': '0.0', 'locked': '100049.99999973987', 'executed_volume': '0.0', 'trades_count': 0}
2021-03-21 02:11:17.667544{'uuid': '1db0d7af-d222-4b7a-b993-031c557e1449', 'side': 'bid', 'ord_type': 'limit', 'price': '38.6', 'state': 'wait', 'market': 'KRW-RFR', 'created_at': '2021-03-21T11:11:17+09:00', 'volume': '2631.57894736', 'remaining_volume': '2631.57894736', 'reserved_fee': '50.789473684048', 'remaining_fee': '50.789473684048', 'paid_fee': '0.0', 'locked': '101629.736841780048', 'executed_volume': '0.0', 'trades_count': 0}
2021-03-21 20:09:22.539245{'uuid': '279dfc4f-1e2f-49af-8d07-a6f4185f3085', 'side': 'bid', 'ord_type': 'limit', 'price': '8.7', 'state': 'wait', 'market': 'KRW-NPXS', 'created_at': '2021-03-22T05:09:22+09:00', 'volume': '12500.0', 'remaining_volume': '12500.0', 'reserved_fee': '54.375', 'remaining_fee': '54.375', 'paid_fee': '0.0', 'locked': '108804.375', 'executed_volume': '0.0', 'trades_count': 0}
2021-03-21 20:52:55.447328{'uuid': '39f405e7-4c41-4042-9fdf-d97aef0c5d58', 'side': 'bid', 'ord_type': 'limit', 'price': '4.5', 'state': 'wait', 'market': 'KRW-BTT', 'created_at': '2021-03-22T05:52:55+09:00', 'volume': '25000.0', 'remaining_volume': '25000.0', 'reserved_fee': '56.25', 'remaining_fee': '56.25', 'paid_fee': '0.0', 'locked': '112556.25', 'executed_volume': '0.0', 'trades_count': 0}
2021-03-22 00:11:30.530985{'uuid': 'e9607334-cb81-4699-a1c4-c1ba1ea9a7bd', 'side': 'bid', 'ord_type': 'limit', 'price': '36.1', 'state': 'wait', 'market': 'KRW-AHT', 'created_at': '2021-03-22T09:11:30+09:00', 'volume': '2777.77777777', 'remaining_volume': '2777.77777777', 'reserved_fee': '50.1388888887485', 'remaining_fee': '50.1388888887485', 'paid_fee': '0.0', 'locked': '100327.9166663857485', 'executed_volume': '0.0', 'trades_count': 0}
2021-03-22 00:23:41.099073{'uuid': '45c14b1c-c55b-426f-8b99-6cbc8b9f3598', 'side': 'bid', 'ord_type': 'limit', 'price': '117.0', 'state': 'wait', 'market': 'KRW-MED', 'created_at': '2021-03-22T09:23:41+09:00', 'volume': '854.7008547', 'remaining_volume': '854.7008547', 'reserved_fee': '49.99999999995', 'remaining_fee': '49.99999999995', 'paid_fee': '0.0', 'locked': '100049.99999989995', 'executed_volume': '0.0', 'trades_count': 0}
2021-03-22 06:58:30.363726{'uuid': 'a573dadc-6fd3-4e16-84c5-a0ca18a2df9f', 'side': 'bid', 'ord_type': 'limit', 'price': '108.0', 'state': 'wait', 'market': 'KRW-SPND', 'created_at': '2021-03-22T15:58:30+09:00', 'volume': '925.92592592', 'remaining_volume': '925.92592592', 'reserved_fee': '49.99999999968', 'remaining_fee': '49.99999999968', 'paid_fee': '0.0', 'locked': '100049.99999935968', 'executed_volume': '0.0', 'trades_count': 0}
2021-03-22 07:23:17.567145{'uuid': '62ee1b6c-e80e-48fc-b3b3-668920d0290a', 'side': 'bid', 'ord_type': 'limit', 'price': '117.0', 'state': 'wait', 'market': 'KRW-MED', 'created_at': '2021-03-22T16:23:17+09:00', 'volume': '854.7008547', 'remaining_volume': '854.7008547', 'reserved_fee': '49.99999999995', 'remaining_fee': '49.99999999995', 'paid_fee': '0.0', 'locked': '100049.99999989995', 'executed_volume': '0.0', 'trades_count': 0}
2021-03-23 00:01:38.477053{'uuid': 'f05eeb15-2382-4936-9176-89c3455351fa', 'side': 'bid', 'ord_type': 'limit', 'price': '62.7', 'state': 'wait', 'market': 'KRW-MVL', 'created_at': '2021-03-23T09:01:38+09:00', 'volume': '1612.9032258', 'remaining_volume': '1612.9032258', 'reserved_fee': '50.56451612883', 'remaining_fee': '50.56451612883', 'paid_fee': '0.0', 'locked': '101179.59677378883', 'executed_volume': '0.0', 'trades_count': 0}
2021-03-23 00:03:12.897902{'uuid': '396652f0-54b0-45d5-aca3-d15873b62cce', 'side': 'bid', 'ord_type': 'limit', 'price': '62.7', 'state': 'wait', 'market': 'KRW-MVL', 'created_at': '2021-03-23T09:03:12+09:00', 'volume': '1612.9032258', 'remaining_volume': '1612.9032258', 'reserved_fee': '50.56451612883', 'remaining_fee': '50.56451612883', 'paid_fee': '0.0', 'locked': '101179.59677378883', 'executed_volume': '0.0', 'trades_count': 0}
2021-03-23 00:37:33.299853{'uuid': '66349fa8-650a-4565-80ea-6134e99a76b7', 'side': 'bid', 'ord_type': 'limit', 'price': '112.0', 'state': 'wait', 'market': 'KRW-MED', 'created_at': '2021-03-23T09:37:33+09:00', 'volume': '892.85714285', 'remaining_volume': '892.85714285', 'reserved_fee': '49.9999999996', 'remaining_fee': '49.9999999996', 'paid_fee': '0.0', 'locked': '100049.9999991996', 'executed_volume': '0.0', 'trades_count': 0}
2021-03-23 02:14:48.733547{'uuid': '452580e7-ecda-49ca-8cba-e0c4f5ca01b4', 'side': 'bid', 'ord_type': 'limit', 'price': '41150.0', 'state': 'wait', 'market': 'KRW-BCHA', 'created_at': '2021-03-23T11:14:48+09:00', 'volume': '2.43013365', 'remaining_volume': '2.43013365', 'reserved_fee': '49.99999984875', 'remaining_fee': '49.99999984875', 'paid_fee': '0.0', 'locked': '100049.99969734875', 'executed_volume': '0.0', 'trades_count': 0}
2021-03-23 02:21:17.100404{'uuid': '7de1b51b-7012-469c-97d6-f256656b8a28', 'side': 'bid', 'ord_type': 'limit', 'price': '41750.0', 'state': 'wait', 'market': 'KRW-BTG', 'created_at': '2021-03-23T11:21:17+09:00', 'volume': '2.39520958', 'remaining_volume': '2.39520958', 'reserved_fee': '49.9999999825', 'remaining_fee': '49.9999999825', 'paid_fee': '0.0', 'locked': '100049.9999649825', 'executed_volume': '0.0', 'trades_count': 0}
2021-03-23 13:35:53.083921{'uuid': 'e43210b3-9b1d-4eed-81a3-f9384a2fe232', 'side': 'bid', 'ord_type': 'limit', 'price': '41750.0', 'state': 'wait', 'market': 'KRW-BTG', 'created_at': '2021-03-23T22:35:53+09:00', 'volume': '2.39520958', 'remaining_volume': '2.39520958', 'reserved_fee': '49.9999999825', 'remaining_fee': '49.9999999825', 'paid_fee': '0.0', 'locked': '100049.9999649825', 'executed_volume': '0.0', 'trades_count': 0}
2021-03-23 13:44:52.846314{'uuid': 'ab8cc7fa-a28a-4330-b64a-8fc81a04575f', 'side': 'bid', 'ord_type': 'limit', 'price': '41150.0', 'state': 'wait', 'market': 'KRW-BCHA', 'created_at': '2021-03-23T22:44:52+09:00', 'volume': '2.43013365', 'remaining_volume': '2.43013365', 'reserved_fee': '49.99999984875', 'remaining_fee': '49.99999984875', 'paid_fee': '0.0', 'locked': '100049.99969734875', 'executed_volume': '0.0', 'trades_count': 0}
2021-03-23 16:35:36.870914{'error': {'message': '주문가능한 금액(KRW)이 부족합니다.', 'name': 'insufficient_funds_bid'}}
2021-03-24 10:39:23.510939{'error': {'message': '최소주문금액 이상으로 주문해주세요', 'name': 'under_min_total_bid'}}
2021-03-24 10:50:04.611010{'uuid': 'e2d6f237-f3bc-454b-8c1a-14d16a579cb1', 'side': 'bid', 'ord_type': 'limit', 'price': '233300.0', 'state': 'wait', 'market': 'KRW-LTC', 'created_at': '2021-03-24T19:50:04+09:00', 'volume': '0.04286326', 'remaining_volume': '0.04286326', 'reserved_fee': '4.999999279', 'remaining_fee': '4.999999279', 'paid_fee': '0.0', 'locked': '10004.998557279', 'executed_volume': '0.0', 'trades_count': 0}
2021-03-24 10:50:11.504252{'uuid': '01cb2d7f-72d5-4726-ab59-7d7d1846c0bf', 'side': 'bid', 'ord_type': 'limit', 'price': '319.0', 'state': 'wait', 'market': 'KRW-LBC', 'created_at': '2021-03-24T19:50:11+09:00', 'volume': '31.34796238', 'remaining_volume': '31.34796238', 'reserved_fee': '4.99999999961', 'remaining_fee': '4.99999999961', 'paid_fee': '0.0', 'locked': '10004.99999921961', 'executed_volume': '0.0', 'trades_count': 0}
2021-03-24 11:10:58.703296{'uuid': '7fbe0a9e-8cc8-4b60-a08c-a54b6ca4489a', 'side': 'bid', 'ord_type': 'limit', 'price': '319.0', 'state': 'wait', 'market': 'KRW-LBC', 'created_at': '2021-03-24T20:10:58+09:00', 'volume': '31.34796238', 'remaining_volume': '31.34796238', 'reserved_fee': '4.99999999961', 'remaining_fee': '4.99999999961', 'paid_fee': '0.0', 'locked': '10004.99999921961', 'executed_volume': '0.0', 'trades_count': 0}
2021-03-24 11:12:16.654439{'uuid': '7dcbbbd7-9973-48b9-874e-8c3bbbd52f05', 'side': 'bid', 'ord_type': 'limit', 'price': '2495.0', 'state': 'wait', 'market': 'KRW-PCI', 'created_at': '2021-03-24T20:12:16+09:00', 'volume': '4.00801603', 'remaining_volume': '4.00801603', 'reserved_fee': '4.999999997425', 'remaining_fee': '4.999999997425', 'paid_fee': '0.0', 'locked': '10004.999994847425', 'executed_volume': '0.0', 'trades_count': 0}
2021-03-24 11:16:57.816581{'uuid': '37afd331-afaa-43fe-952b-9b2a6c3130c5', 'side': 'bid', 'ord_type': 'limit', 'price': '233300.0', 'state': 'wait', 'market': 'KRW-LTC', 'created_at': '2021-03-24T20:16:57+09:00', 'volume': '0.04286326', 'remaining_volume': '0.04286326', 'reserved_fee': '4.999999279', 'remaining_fee': '4.999999279', 'paid_fee': '0.0', 'locked': '10004.998557279', 'executed_volume': '0.0', 'trades_count': 0}
2021-03-24 11:31:41.199131{'uuid': 'f3c71410-dba4-4529-bb42-94f88e607096', 'side': 'bid', 'ord_type': 'limit', 'price': '8.3', 'state': 'wait', 'market': 'KRW-NPXS', 'created_at': '2021-03-24T20:31:41+09:00', 'volume': '1250.0', 'remaining_volume': '1250.0', 'reserved_fee': '5.1875', 'remaining_fee': '5.1875', 'paid_fee': '0.0', 'locked': '10380.1875', 'executed_volume': '0.0', 'trades_count': 0}
2021-03-24 11:31:59.678522{'uuid': 'b0910aa6-a317-498e-94d0-0246efaaf27c', 'side': 'bid', 'ord_type': 'limit', 'price': '1930.0', 'state': 'wait', 'market': 'KRW-ZRX', 'created_at': '2021-03-24T20:31:59+09:00', 'volume': '5.18134715', 'remaining_volume': '5.18134715', 'reserved_fee': '4.99999999975', 'remaining_fee': '4.99999999975', 'paid_fee': '0.0', 'locked': '10004.99999949975', 'executed_volume': '0.0', 'trades_count': 0}
2021-03-24 11:40:41.003741{'uuid': '410f1fd4-84fa-4d3e-89a6-9ad3b4ee633a', 'side': 'bid', 'ord_type': 'limit', 'price': '66.8', 'state': 'wait', 'market': 'KRW-DOGE', 'created_at': '2021-03-24T20:40:40+09:00', 'volume': '151.51515151', 'remaining_volume': '151.51515151', 'reserved_fee': '5.060606060434', 'remaining_fee': '5.060606060434', 'paid_fee': '0.0', 'locked': '10126.272726928434', 'executed_volume': '0.0', 'trades_count': 0}
2021-03-24 11:45:02.075096{'uuid': '2a807e46-1723-4d4e-8e83-43bd68a05365', 'side': 'bid', 'ord_type': 'limit', 'price': '4.0', 'state': 'wait', 'market': 'KRW-BTT', 'created_at': '2021-03-24T20:45:02+09:00', 'volume': '2500.0', 'remaining_volume': '2500.0', 'reserved_fee': '5.0', 'remaining_fee': '5.0', 'paid_fee': '0.0', 'locked': '10005.0', 'executed_volume': '0.0', 'trades_count': 0}
2021-03-24 11:58:21.766754{'uuid': 'c4cf7410-f1b2-4d24-a732-4f32f25b1e9b', 'side': 'bid', 'ord_type': 'limit', 'price': '259.0', 'state': 'wait', 'market': 'KRW-ORBS', 'created_at': '2021-03-24T20:58:21+09:00', 'volume': '38.61003861', 'remaining_volume': '38.61003861', 'reserved_fee': '4.999999999995', 'remaining_fee': '4.999999999995', 'paid_fee': '0.0', 'locked': '10004.999999989995', 'executed_volume': '0.0', 'trades_count': 0}
2021-03-24 12:06:22.305934{'uuid': '8d194112-8bb9-46ae-9690-22ee281acd3c', 'side': 'bid', 'ord_type': 'limit', 'price': '108.0', 'state': 'wait', 'market': 'KRW-VET', 'created_at': '2021-03-24T21:06:22+09:00', 'volume': '92.59259259', 'remaining_volume': '92.59259259', 'reserved_fee': '4.99999999986', 'remaining_fee': '4.99999999986', 'paid_fee': '0.0', 'locked': '10004.99999971986', 'executed_volume': '0.0', 'trades_count': 0}
2021-03-24 12:20:06.634581{'uuid': 'afcab829-f260-4b9a-a6aa-26e4b4a3423a', 'side': 'bid', 'ord_type': 'limit', 'price': '733.0', 'state': 'wait', 'market': 'KRW-SAND', 'created_at': '2021-03-24T21:20:06+09:00', 'volume': '13.6425648', 'remaining_volume': '13.6425648', 'reserved_fee': '4.9999999992', 'remaining_fee': '4.9999999992', 'paid_fee': '0.0', 'locked': '10004.9999983992', 'executed_volume': '0.0', 'trades_count': 0}
2021-03-24 12:25:12.051365{'uuid': 'fd6930be-2196-4a7e-ac6e-7444274c00bc', 'side': 'bid', 'ord_type': 'limit', 'price': '613.0', 'state': 'wait', 'market': 'KRW-CVC', 'created_at': '2021-03-24T21:25:12+09:00', 'volume': '16.3132137', 'remaining_volume': '16.3132137', 'reserved_fee': '4.99999999905', 'remaining_fee': '4.99999999905', 'paid_fee': '0.0', 'locked': '10004.99999809905', 'executed_volume': '0.0', 'trades_count': 0}
2021-03-24 12:29:30.160975{'uuid': 'ccc76645-bfec-407f-8313-da09b48f30c9', 'side': 'bid', 'ord_type': 'limit', 'price': '73.2', 'state': 'wait', 'market': 'KRW-STMX', 'created_at': '2021-03-24T21:29:30+09:00', 'volume': '136.98630136', 'remaining_volume': '136.98630136', 'reserved_fee': '5.013698629776', 'remaining_fee': '5.013698629776', 'paid_fee': '0.0', 'locked': '10032.410958181776', 'executed_volume': '0.0', 'trades_count': 0}
2021-03-24 13:48:59.759637{'uuid': '4284ae70-03b0-4e60-8114-0d34da26780a', 'side': 'bid', 'ord_type': 'limit', 'price': '267.0', 'state': 'wait', 'market': 'KRW-CRO', 'created_at': '2021-03-24T22:48:59+09:00', 'volume': '37.45318352', 'remaining_volume': '37.45318352', 'reserved_fee': '4.99999999992', 'remaining_fee': '4.99999999992', 'paid_fee': '0.0', 'locked': '10004.99999983992', 'executed_volume': '0.0', 'trades_count': 0}
2021-03-24 14:05:35.057905{'uuid': '2cb8cce2-dee9-4a3c-8f74-aee9fec4c7d3', 'side': 'bid', 'ord_type': 'limit', 'price': '15200.0', 'state': 'wait', 'market': 'KRW-WAVES', 'created_at': '2021-03-24T23:05:35+09:00', 'volume': '0.65789473', 'remaining_volume': '0.65789473', 'reserved_fee': '4.999999948', 'remaining_fee': '4.999999948', 'paid_fee': '0.0', 'locked': '10004.999895948', 'executed_volume': '0.0', 'trades_count': 0}
2021-03-24 14:26:18.173802{'uuid': '8144ebe9-8246-493d-9cc8-8ae3ac72c399', 'side': 'bid', 'ord_type': 'limit', 'price': '5145.0', 'state': 'wait', 'market': 'KRW-EOS', 'created_at': '2021-03-24T23:26:18+09:00', 'volume': '1.94363459', 'remaining_volume': '1.94363459', 'reserved_fee': '4.999999982775', 'remaining_fee': '4.999999982775', 'paid_fee': '0.0', 'locked': '10004.999965532775', 'executed_volume': '0.0', 'trades_count': 0}
2021-03-24 14:29:10.888537{'uuid': '6a9fadaa-a52b-4a73-99b6-b27ea01bf7e6', 'side': 'bid', 'ord_type': 'limit', 'price': '73.8', 'state': 'wait', 'market': 'KRW-TRX', 'created_at': '2021-03-24T23:29:10+09:00', 'volume': '136.98630136', 'remaining_volume': '136.98630136', 'reserved_fee': '5.054794520184', 'remaining_fee': '5.054794520184', 'paid_fee': '0.0', 'locked': '10114.643834888184', 'executed_volume': '0.0', 'trades_count': 0}
2021-03-24 14:50:48.938689{'uuid': '06a2cccf-c2fa-421e-99c1-8b614961e0c5', 'side': 'bid', 'ord_type': 'limit', 'price': '61.1', 'state': 'wait', 'market': 'KRW-IOST', 'created_at': '2021-03-24T23:50:48+09:00', 'volume': '163.93442622', 'remaining_volume': '163.93442622', 'reserved_fee': '5.008196721021', 'remaining_fee': '5.008196721021', 'paid_fee': '0.0', 'locked': '10021.401638763021', 'executed_volume': '0.0', 'trades_count': 0}
2021-03-24 16:33:18.748042{'uuid': '231681d9-a13f-4d9c-9ecc-51f4bdba38ba', 'side': 'bid', 'ord_type': 'limit', 'price': '212.0', 'state': 'wait', 'market': 'KRW-ZIL', 'created_at': '2021-03-25T01:33:18+09:00', 'volume': '47.16981132', 'remaining_volume': '47.16981132', 'reserved_fee': '4.99999999992', 'remaining_fee': '4.99999999992', 'paid_fee': '0.0', 'locked': '10004.99999983992', 'executed_volume': '0.0', 'trades_count': 0}
2021-03-24 17:13:25.906606{'uuid': '02d2d1b4-b215-47a2-8e63-ce9ca1bc3981', 'side': 'bid', 'ord_type': 'limit', 'price': '655.0', 'state': 'wait', 'market': 'KRW-CHZ', 'created_at': '2021-03-25T02:13:25+09:00', 'volume': '15.26717557', 'remaining_volume': '15.26717557', 'reserved_fee': '4.999999999175', 'remaining_fee': '4.999999999175', 'paid_fee': '0.0', 'locked': '10004.999998349175', 'executed_volume': '0.0', 'trades_count': 0}
2021-03-24 19:06:42.775273{'uuid': '1f57f547-8e87-4b5c-bbf2-28f8e21e489f', 'side': 'bid', 'ord_type': 'limit', 'price': '104.0', 'state': 'wait', 'market': 'KRW-QTCON', 'created_at': '2021-03-25T04:06:42+09:00', 'volume': '96.15384615', 'remaining_volume': '96.15384615', 'reserved_fee': '4.9999999998', 'remaining_fee': '4.9999999998', 'paid_fee': '0.0', 'locked': '10004.9999995998', 'executed_volume': '0.0', 'trades_count': 0}
2021-03-24 19:06:45.054906{'uuid': '5a88ad9b-3566-4087-82a6-536ba7757caa', 'side': 'bid', 'ord_type': 'limit', 'price': '148.0', 'state': 'wait', 'market': 'KRW-SNT', 'created_at': '2021-03-25T04:06:45+09:00', 'volume': '67.56756756', 'remaining_volume': '67.56756756', 'reserved_fee': '4.99999999944', 'remaining_fee': '4.99999999944', 'paid_fee': '0.0', 'locked': '10004.99999887944', 'executed_volume': '0.0', 'trades_count': 0}
2021-03-24 19:14:13.948155{'uuid': 'c0719580-0d32-46e7-ad68-5412773739cc', 'side': 'bid', 'ord_type': 'limit', 'price': '358.0', 'state': 'wait', 'market': 'KRW-EMC2', 'created_at': '2021-03-25T04:14:13+09:00', 'volume': '27.93296089', 'remaining_volume': '27.93296089', 'reserved_fee': '4.99999999931', 'remaining_fee': '4.99999999931', 'paid_fee': '0.0', 'locked': '10004.99999861931', 'executed_volume': '0.0', 'trades_count': 0}
2021-03-24 19:36:28.547755{'uuid': '43a3ce9b-5e76-40f9-9b2b-6ca6fc6c338e', 'side': 'bid', 'ord_type': 'limit', 'price': '397.0', 'state': 'wait', 'market': 'KRW-HBAR', 'created_at': '2021-03-25T04:36:28+09:00', 'volume': '25.18891687', 'remaining_volume': '25.18891687', 'reserved_fee': '4.999999998695', 'remaining_fee': '4.999999998695', 'paid_fee': '0.0', 'locked': '10004.999997388695', 'executed_volume': '0.0', 'trades_count': 0}
2021-03-24 20:04:13.304279{'uuid': '55e0d4e5-db3d-4571-bbbd-64dd528d1149', 'side': 'bid', 'ord_type': 'limit', 'price': '62.7', 'state': 'wait', 'market': 'KRW-MVL', 'created_at': '2021-03-25T05:04:13+09:00', 'volume': '161.29032258', 'remaining_volume': '161.29032258', 'reserved_fee': '5.056451612883', 'remaining_fee': '5.056451612883', 'paid_fee': '0.0', 'locked': '10117.959677378883', 'executed_volume': '0.0', 'trades_count': 0}
2021-03-24 20:05:43.353211{'uuid': '8ddbd9b6-f888-49b1-8d10-a1636f93a22c', 'side': 'bid', 'ord_type': 'limit', 'price': '487.0', 'state': 'wait', 'market': 'KRW-TFUEL', 'created_at': '2021-03-25T05:05:43+09:00', 'volume': '20.5338809', 'remaining_volume': '20.5338809', 'reserved_fee': '4.99999999915', 'remaining_fee': '4.99999999915', 'paid_fee': '0.0', 'locked': '10004.99999829915', 'executed_volume': '0.0', 'trades_count': 0}
2021-03-24 20:12:50.910224{'uuid': 'a05b2043-2435-409f-9c4b-2b92e261856d', 'side': 'bid', 'ord_type': 'limit', 'price': '691.0', 'state': 'wait', 'market': 'KRW-POLY', 'created_at': '2021-03-25T05:12:50+09:00', 'volume': '14.47178002', 'remaining_volume': '14.47178002', 'reserved_fee': '4.99999999691', 'remaining_fee': '4.99999999691', 'paid_fee': '0.0', 'locked': '10004.99999381691', 'executed_volume': '0.0', 'trades_count': 0}
2021-03-24 20:13:19.206461{'uuid': '1ad2fc5a-f058-43a3-bf97-811d7ed0875a', 'side': 'bid', 'ord_type': 'limit', 'price': '2085.0', 'state': 'wait', 'market': 'KRW-ARK', 'created_at': '2021-03-25T05:13:19+09:00', 'volume': '4.79616306', 'remaining_volume': '4.79616306', 'reserved_fee': '4.99999999005', 'remaining_fee': '4.99999999005', 'paid_fee': '0.0', 'locked': '10004.99998009005', 'executed_volume': '0.0', 'trades_count': 0}
2021-03-24 20:15:03.120363{'uuid': 'f2e256bf-a593-4c13-9e75-a5d7bed4c668', 'side': 'bid', 'ord_type': 'limit', 'price': '738.0', 'state': 'wait', 'market': 'KRW-PLA', 'created_at': '2021-03-25T05:15:03+09:00', 'volume': '13.5501355', 'remaining_volume': '13.5501355', 'reserved_fee': '4.9999999995', 'remaining_fee': '4.9999999995', 'paid_fee': '0.0', 'locked': '10004.9999989995', 'executed_volume': '0.0', 'trades_count': 0}
2021-03-24 20:28:58.978385{'uuid': 'da1e5aca-bd15-446f-881f-af63fe61255e', 'side': 'bid', 'ord_type': 'limit', 'price': '2325.0', 'state': 'wait', 'market': 'KRW-KMD', 'created_at': '2021-03-25T05:28:58+09:00', 'volume': '4.30107526', 'remaining_volume': '4.30107526', 'reserved_fee': '4.99999998975', 'remaining_fee': '4.99999998975', 'paid_fee': '0.0', 'locked': '10004.99997948975', 'executed_volume': '0.0', 'trades_count': 0}
2021-03-24 20:30:48.510453{'uuid': '0b532745-58fa-4beb-a6e7-8511b938ef8c', 'side': 'bid', 'ord_type': 'limit', 'price': '278.0', 'state': 'wait', 'market': 'KRW-WAXP', 'created_at': '2021-03-25T05:30:48+09:00', 'volume': '35.97122302', 'remaining_volume': '35.97122302', 'reserved_fee': '4.99999999978', 'remaining_fee': '4.99999999978', 'paid_fee': '0.0', 'locked': '10004.99999955978', 'executed_volume': '0.0', 'trades_count': 0}
2021-03-24 20:37:20.290891{'uuid': '6c01db0f-4c2e-4954-b83b-80f8f85e199b', 'side': 'bid', 'ord_type': 'limit', 'price': '50780.0', 'state': 'wait', 'market': 'KRW-NEO', 'created_at': '2021-03-25T05:37:20+09:00', 'volume': '0.19692792', 'remaining_volume': '0.19692792', 'reserved_fee': '4.9999998888', 'remaining_fee': '4.9999998888', 'paid_fee': '0.0', 'locked': '10004.9997774888', 'executed_volume': '0.0', 'trades_count': 0}
2021-03-24 22:00:46.622510{'uuid': '8d6cbdbb-7b99-4bf4-89ff-12463d54a50a', 'side': 'bid', 'ord_type': 'limit', 'price': '1575.0', 'state': 'wait', 'market': 'KRW-ONT', 'created_at': '2021-03-25T07:00:46+09:00', 'volume': '6.34920634', 'remaining_volume': '6.34920634', 'reserved_fee': '4.99999999275', 'remaining_fee': '4.99999999275', 'paid_fee': '0.0', 'locked': '10004.99998549275', 'executed_volume': '0.0', 'trades_count': 0}
2021-03-24 22:00:46.810331{'uuid': 'b5bd7a0f-d30a-4a92-8fc5-016ac414a692', 'side': 'bid', 'ord_type': 'limit', 'price': '481.0', 'state': 'wait', 'market': 'KRW-POWR', 'created_at': '2021-03-25T07:00:46+09:00', 'volume': '20.79002079', 'remaining_volume': '20.79002079', 'reserved_fee': '4.999999999995', 'remaining_fee': '4.999999999995', 'paid_fee': '0.0', 'locked': '10004.999999989995', 'executed_volume': '0.0', 'trades_count': 0}
2021-03-24 22:15:50.871754{'uuid': '49f91722-e872-44d7-ab77-d07bf57ea11d', 'side': 'bid', 'ord_type': 'limit', 'price': '5000.0', 'state': 'wait', 'market': 'KRW-XTZ', 'created_at': '2021-03-25T07:15:50+09:00', 'volume': '2.0', 'remaining_volume': '2.0', 'reserved_fee': '5.0', 'remaining_fee': '5.0', 'paid_fee': '0.0', 'locked': '10005.0', 'executed_volume': '0.0', 'trades_count': 0}
2021-03-24 22:17:48.723804{'uuid': '202599de-5315-4ce6-a19d-1aefc1003b29', 'side': 'bid', 'ord_type': 'limit', 'price': '2300.0', 'state': 'wait', 'market': 'KRW-ICX', 'created_at': '2021-03-25T07:17:48+09:00', 'volume': '4.34782608', 'remaining_volume': '4.34782608', 'reserved_fee': '4.999999992', 'remaining_fee': '4.999999992', 'paid_fee': '0.0', 'locked': '10004.999983992', 'executed_volume': '0.0', 'trades_count': 0}
2021-03-24 22:26:18.728146{'uuid': 'b16043c0-15e9-4cf9-b0f8-037908df6ac3', 'side': 'bid', 'ord_type': 'limit', 'price': '632.0', 'state': 'wait', 'market': 'KRW-HIVE', 'created_at': '2021-03-25T07:26:18+09:00', 'volume': '15.82278481', 'remaining_volume': '15.82278481', 'reserved_fee': '4.99999999996', 'remaining_fee': '4.99999999996', 'paid_fee': '0.0', 'locked': '10004.99999991996', 'executed_volume': '0.0', 'trades_count': 0}
2021-03-25 00:01:25.898483{'uuid': '37902870-501b-4942-a5ac-429cdd297393', 'side': 'bid', 'ord_type': 'limit', 'price': '180.0', 'state': 'wait', 'market': 'KRW-IGNIS', 'created_at': '2021-03-25T09:01:25+09:00', 'volume': '55.55555555', 'remaining_volume': '55.55555555', 'reserved_fee': '4.9999999995', 'remaining_fee': '4.9999999995', 'paid_fee': '0.0', 'locked': '10004.9999989995', 'executed_volume': '0.0', 'trades_count': 0}
2021-03-25 00:01:55.540648{'uuid': 'bfa79691-56e5-45f5-8750-c871ca407422', 'side': 'bid', 'ord_type': 'limit', 'price': '286.0', 'state': 'wait', 'market': 'KRW-WAXP', 'created_at': '2021-03-25T09:01:55+09:00', 'volume': '34.96503496', 'remaining_volume': '34.96503496', 'reserved_fee': '4.99999999928', 'remaining_fee': '4.99999999928', 'paid_fee': '0.0', 'locked': '10004.99999855928', 'executed_volume': '0.0', 'trades_count': 0}
2021-03-25 00:04:39.497730{'uuid': '3d318dd1-fc48-443e-ab30-15946869802f', 'side': 'bid', 'ord_type': 'limit', 'price': '91.0', 'state': 'wait', 'market': 'KRW-SPND', 'created_at': '2021-03-25T09:04:39+09:00', 'volume': '109.89010989', 'remaining_volume': '109.89010989', 'reserved_fee': '4.999999999995', 'remaining_fee': '4.999999999995', 'paid_fee': '0.0', 'locked': '10004.999999989995', 'executed_volume': '0.0', 'trades_count': 0}
2021-03-25 00:05:15.693580{'uuid': '18f9292b-972a-45a7-acfc-3f28f7103b52', 'side': 'bid', 'ord_type': 'limit', 'price': '42880.0', 'state': 'wait', 'market': 'KRW-BCHA', 'created_at': '2021-03-25T09:05:15+09:00', 'volume': '0.23320895', 'remaining_volume': '0.23320895', 'reserved_fee': '4.999999888', 'remaining_fee': '4.999999888', 'paid_fee': '0.0', 'locked': '10004.999775888', 'executed_volume': '0.0', 'trades_count': 0}
2021-03-25 00:08:13.149867{'uuid': '3b91cc63-60a2-45ac-bba2-18c38ad43ab3', 'side': 'bid', 'ord_type': 'limit', 'price': '100.0', 'state': 'wait', 'market': 'KRW-MED', 'created_at': '2021-03-25T09:08:13+09:00', 'volume': '100.0', 'remaining_volume': '100.0', 'reserved_fee': '5.0', 'remaining_fee': '5.0', 'paid_fee': '0.0', 'locked': '10005.0', 'executed_volume': '0.0', 'trades_count': 0}
2021-03-25 00:12:13.858901{'uuid': 'ec695900-bbe5-415f-958c-6b5d6e702d49', 'side': 'bid', 'ord_type': 'limit', 'price': '98.7', 'state': 'wait', 'market': 'KRW-STPT', 'created_at': '2021-03-25T09:12:13+09:00', 'volume': '102.04081632', 'remaining_volume': '102.04081632', 'reserved_fee': '5.035714285392', 'remaining_fee': '5.035714285392', 'paid_fee': '0.0', 'locked': '10076.464285069392', 'executed_volume': '0.0', 'trades_count': 0}
2021-03-25 00:20:57.802685{'uuid': 'd82f3a95-6fee-48c7-a4f7-b269cbe8ea00', 'side': 'bid', 'ord_type': 'limit', 'price': '230.0', 'state': 'wait', 'market': 'KRW-META', 'created_at': '2021-03-25T09:20:57+09:00', 'volume': '43.47826086', 'remaining_volume': '43.47826086', 'reserved_fee': '4.9999999989', 'remaining_fee': '4.9999999989', 'paid_fee': '0.0', 'locked': '10004.9999977989', 'executed_volume': '0.0', 'trades_count': 0}
2021-03-25 00:35:48.894836{'uuid': '51f51a10-e615-4cb4-be79-6e473a4d2d12', 'side': 'bid', 'ord_type': 'limit', 'price': '30.6', 'state': 'wait', 'market': 'KRW-IQ', 'created_at': '2021-03-25T09:35:48+09:00', 'volume': '333.33333333', 'remaining_volume': '333.33333333', 'reserved_fee': '5.099999999949', 'remaining_fee': '5.099999999949', 'paid_fee': '0.0', 'locked': '10205.099999897949', 'executed_volume': '0.0', 'trades_count': 0}
2021-03-25 01:22:19.652812{'uuid': 'd8bf7e87-7b96-4459-b398-970a273747cc', 'side': 'bid', 'ord_type': 'limit', 'price': '133.0', 'state': 'wait', 'market': 'KRW-HUM', 'created_at': '2021-03-25T10:22:19+09:00', 'volume': '75.18796992', 'remaining_volume': '75.18796992', 'reserved_fee': '4.99999999968', 'remaining_fee': '4.99999999968', 'paid_fee': '0.0', 'locked': '10004.99999935968', 'executed_volume': '0.0', 'trades_count': 0}
2021-03-25 02:32:53.619313{'uuid': 'ce04062d-84ea-4031-957f-38a001edf91b', 'side': 'bid', 'ord_type': 'limit', 'price': '352.0', 'state': 'wait', 'market': 'KRW-AERGO', 'created_at': '2021-03-25T11:32:53+09:00', 'volume': '28.4090909', 'remaining_volume': '28.4090909', 'reserved_fee': '4.9999999984', 'remaining_fee': '4.9999999984', 'paid_fee': '0.0', 'locked': '10004.9999967984', 'executed_volume': '0.0', 'trades_count': 0}
2021-03-25 05:27:08.555161{'uuid': 'dc1dba28-9dbf-4557-8035-c0ec299a0507', 'side': 'bid', 'ord_type': 'limit', 'price': '119.0', 'state': 'wait', 'market': 'KRW-ANKR', 'created_at': '2021-03-25T14:27:08+09:00', 'volume': '84.03361344', 'remaining_volume': '84.03361344', 'reserved_fee': '4.99999999968', 'remaining_fee': '4.99999999968', 'paid_fee': '0.0', 'locked': '10004.99999935968', 'executed_volume': '0.0', 'trades_count': 0}
2021-03-25 21:01:57.440997{'uuid': 'adbea78c-7604-4885-b307-4c1901ecaf25', 'side': 'bid', 'ord_type': 'limit', 'price': '377.0', 'state': 'wait', 'market': 'KRW-BORA', 'created_at': '2021-03-26T06:01:57+09:00', 'volume': '26.52519893', 'remaining_volume': '26.52519893', 'reserved_fee': '4.999999998305', 'remaining_fee': '4.999999998305', 'paid_fee': '0.0', 'locked': '10004.999996608305', 'executed_volume': '0.0', 'trades_count': 0}
2021-03-26 00:00:38.781215{'uuid': 'acc6b624-cc27-44d5-b360-db25e903e330', 'side': 'bid', 'ord_type': 'limit', 'price': '353.0', 'state': 'wait', 'market': 'KRW-EMC2', 'created_at': '2021-03-26T09:00:38+09:00', 'volume': '28.32861189', 'remaining_volume': '28.32861189', 'reserved_fee': '4.999999998585', 'remaining_fee': '4.999999998585', 'paid_fee': '0.0', 'locked': '10004.999997168585', 'executed_volume': '0.0', 'trades_count': 0}
2021-03-26 00:03:55.170249{'uuid': '518786c1-8466-4eba-b11f-39860a1640e0', 'side': 'bid', 'ord_type': 'limit', 'price': '645.0', 'state': 'wait', 'market': 'KRW-XRP', 'created_at': '2021-03-26T09:03:55+09:00', 'volume': '15.50387596', 'remaining_volume': '15.50387596', 'reserved_fee': '4.9999999971', 'remaining_fee': '4.9999999971', 'paid_fee': '0.0', 'locked': '10004.9999941971', 'executed_volume': '0.0', 'trades_count': 0}
2021-03-26 00:12:08.296788{'uuid': '4e31da0f-8e73-47cb-bd54-3b16887410e6', 'side': 'bid', 'ord_type': 'limit', 'price': '34.4', 'state': 'wait', 'market': 'KRW-RFR', 'created_at': '2021-03-26T09:12:08+09:00', 'volume': '294.11764705', 'remaining_volume': '294.11764705', 'reserved_fee': '5.05882352926', 'remaining_fee': '5.05882352926', 'paid_fee': '0.0', 'locked': '10122.70588204926', 'executed_volume': '0.0', 'trades_count': 0}
2021-03-26 01:54:15.575222{'uuid': '18604240-f43a-4b43-ba5b-c6dc7d2d7a16', 'side': 'bid', 'ord_type': 'limit', 'price': '244.0', 'state': 'wait', 'market': 'KRW-MOC', 'created_at': '2021-03-26T10:54:15+09:00', 'volume': '40.98360655', 'remaining_volume': '40.98360655', 'reserved_fee': '4.9999999991', 'remaining_fee': '4.9999999991', 'paid_fee': '0.0', 'locked': '10004.9999981991', 'executed_volume': '0.0', 'trades_count': 0}
2021-03-26 04:02:04.405639{'uuid': '902b56f5-dab0-4050-996d-1f0d9a028f04', 'side': 'bid', 'ord_type': 'limit', 'price': '157.0', 'state': 'wait', 'market': 'KRW-SSX', 'created_at': '2021-03-26T13:02:04+09:00', 'volume': '63.69426751', 'remaining_volume': '63.69426751', 'reserved_fee': '4.999999999535', 'remaining_fee': '4.999999999535', 'paid_fee': '0.0', 'locked': '10004.999999069535', 'executed_volume': '0.0', 'trades_count': 0}
2021-03-26 04:26:42.868681{'uuid': 'd2af34dc-07a2-4f4d-b27d-fb3fe2738065', 'side': 'bid', 'ord_type': 'limit', 'price': '27.3', 'state': 'wait', 'market': 'KRW-MFT', 'created_at': '2021-03-26T13:26:42+09:00', 'volume': '370.37037037', 'remaining_volume': '370.37037037', 'reserved_fee': '5.0555555555505', 'remaining_fee': '5.0555555555505', 'paid_fee': '0.0', 'locked': '10116.1666666565505', 'executed_volume': '0.0', 'trades_count': 0}
2021-03-26 05:48:50.857352{'uuid': '8a6c0870-e04a-4215-8f07-738bcd5c5f94', 'side': 'bid', 'ord_type': 'limit', 'price': '648.0', 'state': 'wait', 'market': 'KRW-CHZ', 'created_at': '2021-03-26T14:48:50+09:00', 'volume': '15.43209876', 'remaining_volume': '15.43209876', 'reserved_fee': '4.99999999824', 'remaining_fee': '4.99999999824', 'paid_fee': '0.0', 'locked': '10004.99999647824', 'executed_volume': '0.0', 'trades_count': 0}
2021-03-26 06:23:41.503055{'uuid': '47f8e6c2-39be-4c69-a1d2-a6f2f853254a', 'side': 'bid', 'ord_type': 'limit', 'price': '1325.0', 'state': 'wait', 'market': 'KRW-ADX', 'created_at': '2021-03-26T15:23:41+09:00', 'volume': '7.54716981', 'remaining_volume': '7.54716981', 'reserved_fee': '4.999999999125', 'remaining_fee': '4.999999999125', 'paid_fee': '0.0', 'locked': '10004.999998249125', 'executed_volume': '0.0', 'trades_count': 0}
2021-03-26 06:23:41.707061{'uuid': '2d19ab8c-f475-4d55-a028-b840f7251e43', 'side': 'bid', 'ord_type': 'limit', 'price': '2970.0', 'state': 'wait', 'market': 'KRW-KNC', 'created_at': '2021-03-26T15:23:41+09:00', 'volume': '3.36700336', 'remaining_volume': '3.36700336', 'reserved_fee': '4.9999999896', 'remaining_fee': '4.9999999896', 'paid_fee': '0.0', 'locked': '10004.9999791896', 'executed_volume': '0.0', 'trades_count': 0}
2021-03-26 06:23:41.886244{'uuid': '4951696d-6e5b-48fb-9c38-54a6a6371c1f', 'side': 'bid', 'ord_type': 'limit', 'price': '24.3', 'state': 'wait', 'market': 'KRW-AHT', 'created_at': '2021-03-26T15:23:41+09:00', 'volume': '416.66666666', 'remaining_volume': '416.66666666', 'reserved_fee': '5.062499999919', 'remaining_fee': '5.062499999919', 'paid_fee': '0.0', 'locked': '10130.062499837919', 'executed_volume': '0.0', 'trades_count': 0}
2021-03-26 06:32:49.607870{'uuid': 'edd0922b-408f-4803-89d8-b16561f9c113', 'side': 'bid', 'ord_type': 'limit', 'price': '155.0', 'state': 'wait', 'market': 'KRW-SSX', 'created_at': '2021-03-26T15:32:49+09:00', 'volume': '64.51612903', 'remaining_volume': '64.51612903', 'reserved_fee': '4.999999999825', 'remaining_fee': '4.999999999825', 'paid_fee': '0.0', 'locked': '10004.999999649825', 'executed_volume': '0.0', 'trades_count': 0}
2021-03-26 06:38:11.029721{'error': {'message': '최소주문금액 이상으로 주문해주세요', 'name': 'under_min_total_bid'}}
2021-03-26 06:38:11.734426{'error': {'message': '최소주문금액 이상으로 주문해주세요', 'name': 'under_min_total_bid'}}
2021-03-26 06:38:14.283873{'error': {'message': '최소주문금액 이상으로 주문해주세요', 'name': 'under_min_total_bid'}}
2021-03-26 06:38:17.399082{'error': {'message': '최소주문금액 이상으로 주문해주세요', 'name': 'under_min_total_bid'}}
2021-03-26 06:55:39.327394{'uuid': 'f44477e4-dc3f-4b63-91d4-79098408529f', 'side': 'bid', 'ord_type': 'limit', 'price': '1325.0', 'state': 'wait', 'market': 'KRW-ADX', 'created_at': '2021-03-26T15:55:39+09:00', 'volume': '7.54716981', 'remaining_volume': '7.54716981', 'reserved_fee': '4.999999999125', 'remaining_fee': '4.999999999125', 'paid_fee': '0.0', 'locked': '10004.999998249125', 'executed_volume': '0.0', 'trades_count': 0}
2021-03-26 06:58:12.249399{'uuid': 'bff72f88-99ad-4fa9-838f-7f6ccacceb59', 'side': 'bid', 'ord_type': 'limit', 'price': '483.0', 'state': 'wait', 'market': 'KRW-POWR', 'created_at': '2021-03-26T15:58:12+09:00', 'volume': '20.70393374', 'remaining_volume': '20.70393374', 'reserved_fee': '4.99999999821', 'remaining_fee': '4.99999999821', 'paid_fee': '0.0', 'locked': '10004.99999641821', 'executed_volume': '0.0', 'trades_count': 0}
2021-03-26 06:59:15.085882{'uuid': '08e37c53-736b-4df4-bab1-bfad237131e4', 'side': 'bid', 'ord_type': 'limit', 'price': '826.0', 'state': 'wait', 'market': 'KRW-STEEM', 'created_at': '2021-03-26T15:59:15+09:00', 'volume': '12.10653753', 'remaining_volume': '12.10653753', 'reserved_fee': '4.99999999989', 'remaining_fee': '4.99999999989', 'paid_fee': '0.0', 'locked': '10004.99999977989', 'executed_volume': '0.0', 'trades_count': 0}
2021-03-26 07:04:21.229270{'uuid': 'a993f0c5-a282-486b-a09c-8fefb9704178', 'side': 'bid', 'ord_type': 'limit', 'price': '2970.0', 'state': 'wait', 'market': 'KRW-KNC', 'created_at': '2021-03-26T16:04:21+09:00', 'volume': '3.36700336', 'remaining_volume': '3.36700336', 'reserved_fee': '4.9999999896', 'remaining_fee': '4.9999999896', 'paid_fee': '0.0', 'locked': '10004.9999791896', 'executed_volume': '0.0', 'trades_count': 0}
2021-03-26 07:05:55.881585{'uuid': '376289d3-25aa-493e-8413-4de7aded5c18', 'side': 'bid', 'ord_type': 'limit', 'price': '1520.0', 'state': 'wait', 'market': 'KRW-ONT', 'created_at': '2021-03-26T16:05:55+09:00', 'volume': '6.57894736', 'remaining_volume': '6.57894736', 'reserved_fee': '4.9999999936', 'remaining_fee': '4.9999999936', 'paid_fee': '0.0', 'locked': '10004.9999871936', 'executed_volume': '0.0', 'trades_count': 0}
2021-03-26 07:06:18.364083{'uuid': '11c2b053-9bf5-469b-85ea-eb98d0fd9032', 'side': 'bid', 'ord_type': 'limit', 'price': '70.6', 'state': 'wait', 'market': 'KRW-TRX', 'created_at': '2021-03-26T16:06:18+09:00', 'volume': '142.85714285', 'remaining_volume': '142.85714285', 'reserved_fee': '5.042857142605', 'remaining_fee': '5.042857142605', 'paid_fee': '0.0', 'locked': '10090.757142352605', 'executed_volume': '0.0', 'trades_count': 0}
2021-03-26 07:19:12.073818{'uuid': 'a884560a-b05a-462e-ae3b-52d690cc3b17', 'side': 'bid', 'ord_type': 'limit', 'price': '2050.0', 'state': 'wait', 'market': 'KRW-MTL', 'created_at': '2021-03-26T16:19:12+09:00', 'volume': '4.87804878', 'remaining_volume': '4.87804878', 'reserved_fee': '4.9999999995', 'remaining_fee': '4.9999999995', 'paid_fee': '0.0', 'locked': '10004.9999989995', 'executed_volume': '0.0', 'trades_count': 0}
2021-03-26 07:26:44.837903{'uuid': 'c1a3ccf2-f241-4811-9e73-226515b529c7', 'side': 'bid', 'ord_type': 'limit', 'price': '2235.0', 'state': 'wait', 'market': 'KRW-KMD', 'created_at': '2021-03-26T16:26:44+09:00', 'volume': '4.47427293', 'remaining_volume': '4.47427293', 'reserved_fee': '4.999999999275', 'remaining_fee': '4.999999999275', 'paid_fee': '0.0', 'locked': '10004.999998549275', 'executed_volume': '0.0', 'trades_count': 0}
2021-03-26 07:45:19.625946{'uuid': 'd4165c3e-a83b-4a6a-a28b-123d84fdd486', 'side': 'bid', 'ord_type': 'limit', 'price': '433.0', 'state': 'wait', 'market': 'KRW-HUNT', 'created_at': '2021-03-26T16:45:19+09:00', 'volume': '23.09468822', 'remaining_volume': '23.09468822', 'reserved_fee': '4.99999999963', 'remaining_fee': '4.99999999963', 'paid_fee': '0.0', 'locked': '10004.99999925963', 'executed_volume': '0.0', 'trades_count': 0}
2021-03-26 07:58:12.789068{'uuid': 'fb233362-0ab5-46ff-91f6-f8ed7e249dca', 'side': 'bid', 'ord_type': 'limit', 'price': '24.4', 'state': 'wait', 'market': 'KRW-SC', 'created_at': '2021-03-26T16:58:12+09:00', 'volume': '416.66666666', 'remaining_volume': '416.66666666', 'reserved_fee': '5.083333333252', 'remaining_fee': '5.083333333252', 'paid_fee': '0.0', 'locked': '10171.749999837252', 'executed_volume': '0.0', 'trades_count': 0}
2021-03-26 08:07:05.140614{'uuid': '332f03bd-d359-447d-8e53-53b345fc3cf3', 'side': 'bid', 'ord_type': 'limit', 'price': '200.0', 'state': 'wait', 'market': 'KRW-ZIL', 'created_at': '2021-03-26T17:07:05+09:00', 'volume': '50.0', 'remaining_volume': '50.0', 'reserved_fee': '5.0', 'remaining_fee': '5.0', 'paid_fee': '0.0', 'locked': '10005.0', 'executed_volume': '0.0', 'trades_count': 0}
2021-03-26 08:09:50.211782{'uuid': '987f0577-0bde-471a-93ef-cec084e57e4a', 'side': 'bid', 'ord_type': 'limit', 'price': '21860.0', 'state': 'wait', 'market': 'KRW-ATOM', 'created_at': '2021-03-26T17:09:50+09:00', 'volume': '0.45745654', 'remaining_volume': '0.45745654', 'reserved_fee': '4.9999999822', 'remaining_fee': '4.9999999822', 'paid_fee': '0.0', 'locked': '10004.9999643822', 'executed_volume': '0.0', 'trades_count': 0}
2021-03-26 08:13:02.091413{'uuid': 'b363505a-42f9-48e0-8b31-3dba969ce6ec', 'side': 'bid', 'ord_type': 'limit', 'price': '391.0', 'state': 'wait', 'market': 'KRW-HBAR', 'created_at': '2021-03-26T17:13:02+09:00', 'volume': '25.57544757', 'remaining_volume': '25.57544757', 'reserved_fee': '4.999999999935', 'remaining_fee': '4.999999999935', 'paid_fee': '0.0', 'locked': '10004.999999869935', 'executed_volume': '0.0', 'trades_count': 0}
2021-03-26 08:22:57.802641{'uuid': '7c5f1c35-acfd-4adc-906f-5ecd4869c9e1', 'side': 'bid', 'ord_type': 'limit', 'price': '227.0', 'state': 'wait', 'market': 'KRW-ORBS', 'created_at': '2021-03-26T17:22:57+09:00', 'volume': '44.05286343', 'remaining_volume': '44.05286343', 'reserved_fee': '4.999999999305', 'remaining_fee': '4.999999999305', 'paid_fee': '0.0', 'locked': '10004.999998609305', 'executed_volume': '0.0', 'trades_count': 0}
2021-03-26 08:31:04.643281{'uuid': 'a825f3af-d0ba-4e3a-83f3-10abe8d16c4e', 'side': 'bid', 'ord_type': 'limit', 'price': '25.9', 'state': 'wait', 'market': 'KRW-TT', 'created_at': '2021-03-26T17:31:04+09:00', 'volume': '400.0', 'remaining_volume': '400.0', 'reserved_fee': '5.18', 'remaining_fee': '5.18', 'paid_fee': '0.0', 'locked': '10365.18', 'executed_volume': '0.0', 'trades_count': 0}
2021-03-26 09:18:38.127006{'uuid': 'ae3b7b06-912e-449d-8abd-92ceb43e7d00', 'side': 'bid', 'ord_type': 'limit', 'price': '282.0', 'state': 'wait', 'market': 'KRW-UPP', 'created_at': '2021-03-26T18:18:38+09:00', 'volume': '35.4609929', 'remaining_volume': '35.4609929', 'reserved_fee': '4.9999999989', 'remaining_fee': '4.9999999989', 'paid_fee': '0.0', 'locked': '10004.9999977989', 'executed_volume': '0.0', 'trades_count': 0}
2021-03-26 09:36:34.504125{'uuid': '812c61b0-de07-438f-a517-d34adaa518d4', 'side': 'bid', 'ord_type': 'limit', 'price': '1260.0', 'state': 'wait', 'market': 'KRW-BAT', 'created_at': '2021-03-26T18:36:34+09:00', 'volume': '7.93650793', 'remaining_volume': '7.93650793', 'reserved_fee': '4.9999999959', 'remaining_fee': '4.9999999959', 'paid_fee': '0.0', 'locked': '10004.9999917959', 'executed_volume': '0.0', 'trades_count': 0}
2021-03-26 09:54:21.527040{'uuid': '39d28ed5-577e-4477-a7e1-37cacfaf61fc', 'side': 'bid', 'ord_type': 'limit', 'price': '2730.0', 'state': 'wait', 'market': 'KRW-ENJ', 'created_at': '2021-03-26T18:54:21+09:00', 'volume': '3.66300366', 'remaining_volume': '3.66300366', 'reserved_fee': '4.9999999959', 'remaining_fee': '4.9999999959', 'paid_fee': '0.0', 'locked': '10004.9999917959', 'executed_volume': '0.0', 'trades_count': 0}
2021-03-26 11:01:12.673487{'uuid': '23796f04-b0c5-45a9-8064-24c9252128ff', 'side': 'bid', 'ord_type': 'limit', 'price': '103.0', 'state': 'wait', 'market': 'KRW-JST', 'created_at': '2021-03-26T20:01:12+09:00', 'volume': '97.08737864', 'remaining_volume': '97.08737864', 'reserved_fee': '4.99999999996', 'remaining_fee': '4.99999999996', 'paid_fee': '0.0', 'locked': '10004.99999991996', 'executed_volume': '0.0', 'trades_count': 0}
2021-03-26 11:28:21.471196{'uuid': 'f44d5fee-b6a2-48a2-b9e3-0fa01df61cef', 'side': 'bid', 'ord_type': 'limit', 'price': '615.0', 'state': 'wait', 'market': 'KRW-CHZ', 'created_at': '2021-03-26T20:28:21+09:00', 'volume': '16.2601626', 'remaining_volume': '16.2601626', 'reserved_fee': '4.9999999995', 'remaining_fee': '4.9999999995', 'paid_fee': '0.0', 'locked': '10004.9999989995', 'executed_volume': '0.0', 'trades_count': 0}
2021-03-26 11:31:59.861046{'uuid': '5e3491c5-ebd8-454b-b3ac-63a4a27370c6', 'side': 'bid', 'ord_type': 'limit', 'price': '26.1', 'state': 'wait', 'market': 'KRW-MFT', 'created_at': '2021-03-26T20:31:59+09:00', 'volume': '384.61538461', 'remaining_volume': '384.61538461', 'reserved_fee': '5.0192307691605', 'remaining_fee': '5.0192307691605', 'paid_fee': '0.0', 'locked': '10043.4807690901605', 'executed_volume': '0.0', 'trades_count': 0}
2021-03-26 11:37:06.898513{'uuid': 'c0e1b4c2-ad28-4d89-9a19-8cced8492349', 'side': 'bid', 'ord_type': 'limit', 'price': '464.0', 'state': 'wait', 'market': 'KRW-XLM', 'created_at': '2021-03-26T20:37:06+09:00', 'volume': '21.55172413', 'remaining_volume': '21.55172413', 'reserved_fee': '4.99999999816', 'remaining_fee': '4.99999999816', 'paid_fee': '0.0', 'locked': '10004.99999631816', 'executed_volume': '0.0', 'trades_count': 0}
2021-03-26 11:41:49.232125{'uuid': '92d62197-7b61-4bd2-9467-3762e96e00a3', 'side': 'bid', 'ord_type': 'limit', 'price': '603200.0', 'state': 'wait', 'market': 'KRW-BCH', 'created_at': '2021-03-26T20:41:49+09:00', 'volume': '0.01657824', 'remaining_volume': '0.01657824', 'reserved_fee': '4.999997184', 'remaining_fee': '4.999997184', 'paid_fee': '0.0', 'locked': '10004.994365184', 'executed_volume': '0.0', 'trades_count': 0}
2021-03-26 11:41:52.186458{'uuid': '156712e6-bf6e-4145-a60a-a7592151e924', 'side': 'bid', 'ord_type': 'limit', 'price': '14380.0', 'state': 'wait', 'market': 'KRW-ETC', 'created_at': '2021-03-26T20:41:52+09:00', 'volume': '0.69541029', 'remaining_volume': '0.69541029', 'reserved_fee': '4.9999999851', 'remaining_fee': '4.9999999851', 'paid_fee': '0.0', 'locked': '10004.9999701851', 'executed_volume': '0.0', 'trades_count': 0}
2021-03-26 11:42:41.710467{'uuid': '0a088b73-cc28-4536-8c34-36e448098550', 'side': 'bid', 'ord_type': 'limit', 'price': '49810.0', 'state': 'wait', 'market': 'KRW-NEO', 'created_at': '2021-03-26T20:42:41+09:00', 'volume': '0.20076289', 'remaining_volume': '0.20076289', 'reserved_fee': '4.99999977545', 'remaining_fee': '4.99999977545', 'paid_fee': '0.0', 'locked': '10004.99955067545', 'executed_volume': '0.0', 'trades_count': 0}
2021-03-26 11:43:40.784498{'uuid': '0246d00c-b9ed-4f69-b275-1b46a96ce224', 'side': 'bid', 'ord_type': 'limit', 'price': '218650.0', 'state': 'wait', 'market': 'KRW-LTC', 'created_at': '2021-03-26T20:43:40+09:00', 'volume': '0.04573519', 'remaining_volume': '0.04573519', 'reserved_fee': '4.99999964675', 'remaining_fee': '4.99999964675', 'paid_fee': '0.0', 'locked': '10004.99929314675', 'executed_volume': '0.0', 'trades_count': 0}
2021-03-26 11:45:40.652920{'uuid': '7a65e78e-5d30-4e77-96bb-fa7905cd4a7e', 'side': 'bid', 'ord_type': 'limit', 'price': '5065.0', 'state': 'wait', 'market': 'KRW-XTZ', 'created_at': '2021-03-26T20:45:40+09:00', 'volume': '1.97433366', 'remaining_volume': '1.97433366', 'reserved_fee': '4.99999999395', 'remaining_fee': '4.99999999395', 'paid_fee': '0.0', 'locked': '10004.99998789395', 'executed_volume': '0.0', 'trades_count': 0}
2021-03-26 12:12:59.461526{'uuid': '0b15769d-aa12-4556-94d8-7b9363cbfcce', 'side': 'bid', 'ord_type': 'limit', 'price': '138.0', 'state': 'wait', 'market': 'KRW-SNT', 'created_at': '2021-03-26T21:12:59+09:00', 'volume': '72.46376811', 'remaining_volume': '72.46376811', 'reserved_fee': '4.99999999959', 'remaining_fee': '4.99999999959', 'paid_fee': '0.0', 'locked': '10004.99999917959', 'executed_volume': '0.0', 'trades_count': 0}
2021-03-26 12:20:57.109209{'uuid': '17123cd1-a2bd-4e64-a3ce-d7a2fa8d56dd', 'side': 'bid', 'ord_type': 'limit', 'price': '410.0', 'state': 'wait', 'market': 'KRW-XEM', 'created_at': '2021-03-26T21:20:57+09:00', 'volume': '24.3902439', 'remaining_volume': '24.3902439', 'reserved_fee': '4.9999999995', 'remaining_fee': '4.9999999995', 'paid_fee': '0.0', 'locked': '10004.9999989995', 'executed_volume': '0.0', 'trades_count': 0}
2021-03-26 14:09:05.735313{'uuid': '78a38540-7ce8-4737-9361-035a7f6de5b1', 'side': 'bid', 'ord_type': 'limit', 'price': '4.1', 'state': 'wait', 'market': 'KRW-BTT', 'created_at': '2021-03-26T23:09:05+09:00', 'volume': '2500.0', 'remaining_volume': '2500.0', 'reserved_fee': '5.125', 'remaining_fee': '5.125', 'paid_fee': '0.0', 'locked': '10255.125', 'executed_volume': '0.0', 'trades_count': 0}
2021-03-26 14:47:44.574081{'uuid': 'a1fe0ec8-adcb-4ce0-b6c4-76aa5861c6a7', 'side': 'bid', 'ord_type': 'limit', 'price': '57.8', 'state': 'wait', 'market': 'KRW-IOST', 'created_at': '2021-03-26T23:47:44+09:00', 'volume': '175.43859649', 'remaining_volume': '175.43859649', 'reserved_fee': '5.070175438561', 'remaining_fee': '5.070175438561', 'paid_fee': '0.0', 'locked': '10145.421052560561', 'executed_volume': '0.0', 'trades_count': 0}
2021-03-26 15:55:55.567026{'uuid': '5a86bac9-7e6e-490a-9aea-d9a670cf9d6c', 'side': 'bid', 'ord_type': 'limit', 'price': '5365.0', 'state': 'wait', 'market': 'KRW-LSK', 'created_at': '2021-03-27T00:55:55+09:00', 'volume': '1.86393289', 'remaining_volume': '1.86393289', 'reserved_fee': '4.999999977425', 'remaining_fee': '4.999999977425', 'paid_fee': '0.0', 'locked': '10004.999954827425', 'executed_volume': '0.0', 'trades_count': 0}
2021-03-26 16:50:12.706518{'uuid': 'b0fec6a6-6877-4aa5-9f14-8a4267e17193', 'side': 'bid', 'ord_type': 'limit', 'price': '106.0', 'state': 'wait', 'market': 'KRW-VET', 'created_at': '2021-03-27T01:50:12+09:00', 'volume': '94.33962264', 'remaining_volume': '94.33962264', 'reserved_fee': '4.99999999992', 'remaining_fee': '4.99999999992', 'paid_fee': '0.0', 'locked': '10004.99999983992', 'executed_volume': '0.0', 'trades_count': 0}
2021-03-26 19:19:40.233109{'uuid': '131d6330-ce86-4c7e-9130-b49622ff3e08', 'side': 'bid', 'ord_type': 'limit', 'price': '45.1', 'state': 'wait', 'market': 'KRW-QKC', 'created_at': '2021-03-27T04:19:40+09:00', 'volume': '222.22222222', 'remaining_volume': '222.22222222', 'reserved_fee': '5.011111111061', 'remaining_fee': '5.011111111061', 'paid_fee': '0.0', 'locked': '10027.233333233061', 'executed_volume': '0.0', 'trades_count': 0}
2021-03-26 20:10:40.372918{'uuid': 'bd1854b4-6bd3-49ee-9b59-b980c5390e2a', 'side': 'bid', 'ord_type': 'limit', 'price': '32900.0', 'state': 'wait', 'market': 'KRW-LINK', 'created_at': '2021-03-27T05:10:40+09:00', 'volume': '0.30395136', 'remaining_volume': '0.30395136', 'reserved_fee': '4.999999872', 'remaining_fee': '4.999999872', 'paid_fee': '0.0', 'locked': '10004.999743872', 'executed_volume': '0.0', 'trades_count': 0}
2021-03-26 21:40:56.052591{'uuid': 'f6b0b777-dbae-40c8-962e-8f90cbc89888', 'side': 'bid', 'ord_type': 'limit', 'price': '29.2', 'state': 'wait', 'market': 'KRW-TSHP', 'created_at': '2021-03-27T06:40:56+09:00', 'volume': '344.8275862', 'remaining_volume': '344.8275862', 'reserved_fee': '5.03448275852', 'remaining_fee': '5.03448275852', 'paid_fee': '0.0', 'locked': '10073.99999979852', 'executed_volume': '0.0', 'trades_count': 0}
2021-03-26 22:15:30.003207{'uuid': '2ef2e324-7ed7-45a0-a942-e13c804ecc0a', 'side': 'bid', 'ord_type': 'limit', 'price': '34.5', 'state': 'wait', 'market': 'KRW-OBSR', 'created_at': '2021-03-27T07:15:29+09:00', 'volume': '294.11764705', 'remaining_volume': '294.11764705', 'reserved_fee': '5.0735294116125', 'remaining_fee': '5.0735294116125', 'paid_fee': '0.0', 'locked': '10152.1323526366125', 'executed_volume': '0.0', 'trades_count': 0}
2021-03-26 22:16:32.609796{'uuid': '75b116c4-f5c2-42e2-8526-0f96aa27643d', 'side': 'bid', 'ord_type': 'limit', 'price': '24.3', 'state': 'wait', 'market': 'KRW-AHT', 'created_at': '2021-03-27T07:16:32+09:00', 'volume': '416.66666666', 'remaining_volume': '416.66666666', 'reserved_fee': '5.062499999919', 'remaining_fee': '5.062499999919', 'paid_fee': '0.0', 'locked': '10130.062499837919', 'executed_volume': '0.0', 'trades_count': 0}
2021-03-26 23:21:13.556455{'uuid': '310c6287-4c47-4fc0-b0cc-f5b00c03c388', 'side': 'bid', 'ord_type': 'limit', 'price': '154.0', 'state': 'wait', 'market': 'KRW-MARO', 'created_at': '2021-03-27T08:21:13+09:00', 'volume': '64.93506493', 'remaining_volume': '64.93506493', 'reserved_fee': '4.99999999961', 'remaining_fee': '4.99999999961', 'paid_fee': '0.0', 'locked': '10004.99999921961', 'executed_volume': '0.0', 'trades_count': 0}
2021-03-26 23:32:46.129015{'uuid': '78749751-a203-4481-a984-e039ef82ecf6', 'side': 'bid', 'ord_type': 'limit', 'price': '411.0', 'state': 'wait', 'market': 'KRW-ELF', 'created_at': '2021-03-27T08:32:46+09:00', 'volume': '24.33090024', 'remaining_volume': '24.33090024', 'reserved_fee': '4.99999999932', 'remaining_fee': '4.99999999932', 'paid_fee': '0.0', 'locked': '10004.99999863932', 'executed_volume': '0.0', 'trades_count': 0}
2021-03-27 00:01:39.947173{'uuid': 'e966d404-6853-4455-804e-02e391fc8219', 'side': 'bid', 'ord_type': 'limit', 'price': '478.0', 'state': 'wait', 'market': 'KRW-HUNT', 'created_at': '2021-03-27T09:01:39+09:00', 'volume': '20.92050209', 'remaining_volume': '20.92050209', 'reserved_fee': '4.99999999951', 'remaining_fee': '4.99999999951', 'paid_fee': '0.0', 'locked': '10004.99999901951', 'executed_volume': '0.0', 'trades_count': 0}
2021-03-27 00:02:02.206101{'uuid': '13c3e56d-53fc-412d-829b-191211fb9721', 'side': 'bid', 'ord_type': 'limit', 'price': '602.0', 'state': 'wait', 'market': 'KRW-GLM', 'created_at': '2021-03-27T09:02:02+09:00', 'volume': '16.61129568', 'remaining_volume': '16.61129568', 'reserved_fee': '4.99999999968', 'remaining_fee': '4.99999999968', 'paid_fee': '0.0', 'locked': '10004.99999935968', 'executed_volume': '0.0', 'trades_count': 0}
2021-03-27 00:02:35.407133{'uuid': '7f3af2fe-5672-4f15-8cc9-6c16822433ee', 'side': 'bid', 'ord_type': 'limit', 'price': '432.0', 'state': 'wait', 'market': 'KRW-ELF', 'created_at': '2021-03-27T09:02:35+09:00', 'volume': '23.14814814', 'remaining_volume': '23.14814814', 'reserved_fee': '4.99999999824', 'remaining_fee': '4.99999999824', 'paid_fee': '0.0', 'locked': '10004.99999647824', 'executed_volume': '0.0', 'trades_count': 0}
2021-03-27 00:04:34.940396{'uuid': 'c26139c7-b139-4c89-bf5f-a1808bb8ea2f', 'side': 'bid', 'ord_type': 'limit', 'price': '926.0', 'state': 'wait', 'market': 'KRW-ONG', 'created_at': '2021-03-27T09:04:34+09:00', 'volume': '10.79913606', 'remaining_volume': '10.79913606', 'reserved_fee': '4.99999999578', 'remaining_fee': '4.99999999578', 'paid_fee': '0.0', 'locked': '10004.99999155578', 'executed_volume': '0.0', 'trades_count': 0}
2021-03-27 00:06:13.595516{'uuid': 'fe10ba4f-795e-4d19-b3ce-f601639e1161', 'side': 'bid', 'ord_type': 'limit', 'price': '468.0', 'state': 'wait', 'market': 'KRW-AERGO', 'created_at': '2021-03-27T09:06:13+09:00', 'volume': '21.36752136', 'remaining_volume': '21.36752136', 'reserved_fee': '4.99999999824', 'remaining_fee': '4.99999999824', 'paid_fee': '0.0', 'locked': '10004.99999647824', 'executed_volume': '0.0', 'trades_count': 0}
2021-03-27 00:07:59.369463{'uuid': 'e1720e90-5342-4052-a67e-68caae25ed3a', 'side': 'bid', 'ord_type': 'limit', 'price': '113.0', 'state': 'wait', 'market': 'KRW-JST', 'created_at': '2021-03-27T09:07:59+09:00', 'volume': '88.49557522', 'remaining_volume': '88.49557522', 'reserved_fee': '4.99999999993', 'remaining_fee': '4.99999999993', 'paid_fee': '0.0', 'locked': '10004.99999985993', 'executed_volume': '0.0', 'trades_count': 0}
2021-03-27 00:08:24.039237{'uuid': '398a592c-6b61-4361-9e00-d800c112530c', 'side': 'bid', 'ord_type': 'limit', 'price': '111.0', 'state': 'wait', 'market': 'KRW-VET', 'created_at': '2021-03-27T09:08:23+09:00', 'volume': '90.09009009', 'remaining_volume': '90.09009009', 'reserved_fee': '4.999999999995', 'remaining_fee': '4.999999999995', 'paid_fee': '0.0', 'locked': '10004.999999989995', 'executed_volume': '0.0', 'trades_count': 0}
2021-03-27 00:08:41.831923{'uuid': '0caf8d09-88dc-4fe3-952a-6ef8ed9b7c41', 'side': 'bid', 'ord_type': 'limit', 'price': '102.0', 'state': 'wait', 'market': 'KRW-MED', 'created_at': '2021-03-27T09:08:41+09:00', 'volume': '98.03921568', 'remaining_volume': '98.03921568', 'reserved_fee': '4.99999999968', 'remaining_fee': '4.99999999968', 'paid_fee': '0.0', 'locked': '10004.99999935968', 'executed_volume': '0.0', 'trades_count': 0}
2021-03-27 00:10:52.330896{'uuid': 'a782718e-cc3b-4f62-a9fa-0028df4eba05', 'side': 'bid', 'ord_type': 'limit', 'price': '65.3', 'state': 'wait', 'market': 'KRW-DOGE', 'created_at': '2021-03-27T09:10:52+09:00', 'volume': '153.84615384', 'remaining_volume': '153.84615384', 'reserved_fee': '5.023076922876', 'remaining_fee': '5.023076922876', 'paid_fee': '0.0', 'locked': '10051.176922674876', 'executed_volume': '0.0', 'trades_count': 0}
2021-03-27 00:15:27.370460{'uuid': 'ab7e9518-46d9-4279-89cc-da14ff323616', 'side': 'bid', 'ord_type': 'limit', 'price': '70.0', 'state': 'wait', 'market': 'KRW-STMX', 'created_at': '2021-03-27T09:15:27+09:00', 'volume': '142.85714285', 'remaining_volume': '142.85714285', 'reserved_fee': '4.99999999975', 'remaining_fee': '4.99999999975', 'paid_fee': '0.0', 'locked': '10004.99999949975', 'executed_volume': '0.0', 'trades_count': 0}
2021-03-27 00:20:32.061741{'uuid': '022cae0d-1155-4929-8ab7-285c67c7ffe4', 'side': 'bid', 'ord_type': 'limit', 'price': '258.0', 'state': 'wait', 'market': 'KRW-FCT2', 'created_at': '2021-03-27T09:20:32+09:00', 'volume': '38.75968992', 'remaining_volume': '38.75968992', 'reserved_fee': '4.99999999968', 'remaining_fee': '4.99999999968', 'paid_fee': '0.0', 'locked': '10004.99999935968', 'executed_volume': '0.0', 'trades_count': 0}
2021-03-27 00:24:27.424839{'uuid': 'c94fb72a-eea0-4e57-a581-27307f0ce3fe', 'side': 'bid', 'ord_type': 'limit', 'price': '1615.0', 'state': 'wait', 'market': 'KRW-ONT', 'created_at': '2021-03-27T09:24:27+09:00', 'volume': '6.19195046', 'remaining_volume': '6.19195046', 'reserved_fee': '4.99999999645', 'remaining_fee': '4.99999999645', 'paid_fee': '0.0', 'locked': '10004.99999289645', 'executed_volume': '0.0', 'trades_count': 0}
2021-03-27 00:28:50.436955{'uuid': 'e17aab95-08a6-45ec-87b7-503ff3614e70', 'side': 'bid', 'ord_type': 'limit', 'price': '99.3', 'state': 'wait', 'market': 'KRW-STPT', 'created_at': '2021-03-27T09:28:50+09:00', 'volume': '101.01010101', 'remaining_volume': '101.01010101', 'reserved_fee': '5.0151515151465', 'remaining_fee': '5.0151515151465', 'paid_fee': '0.0', 'locked': '10035.3181818081465', 'executed_volume': '0.0', 'trades_count': 0}
2021-03-27 00:39:01.746013{'uuid': 'bb7173e8-64c1-48e7-ae02-e534ac6c897b', 'side': 'bid', 'ord_type': 'limit', 'price': '159.0', 'state': 'wait', 'market': 'KRW-MARO', 'created_at': '2021-03-27T09:39:01+09:00', 'volume': '62.89308176', 'remaining_volume': '62.89308176', 'reserved_fee': '4.99999999992', 'remaining_fee': '4.99999999992', 'paid_fee': '0.0', 'locked': '10004.99999983992', 'executed_volume': '0.0', 'trades_count': 0}
2021-03-27 00:41:45.789079{'uuid': '37358669-af63-49b6-85ce-52a23d3c58ae', 'side': 'bid', 'ord_type': 'limit', 'price': '197.0', 'state': 'wait', 'market': 'KRW-LOOM', 'created_at': '2021-03-27T09:41:45+09:00', 'volume': '50.76142131', 'remaining_volume': '50.76142131', 'reserved_fee': '4.999999999035', 'remaining_fee': '4.999999999035', 'paid_fee': '0.0', 'locked': '10004.999998069035', 'executed_volume': '0.0', 'trades_count': 0}
2021-03-27 00:52:01.167069{'uuid': 'c11c261c-aa7d-47de-9b89-e77a56d4157c', 'side': 'bid', 'ord_type': 'limit', 'price': '135.0', 'state': 'wait', 'market': 'KRW-HUM', 'created_at': '2021-03-27T09:52:01+09:00', 'volume': '74.07407407', 'remaining_volume': '74.07407407', 'reserved_fee': '4.999999999725', 'remaining_fee': '4.999999999725', 'paid_fee': '0.0', 'locked': '10004.999999449725', 'executed_volume': '0.0', 'trades_count': 0}
2021-03-27 00:57:12.228838{'uuid': 'd26506b7-fac8-459b-b12f-0fbf5d6d0fc5', 'side': 'bid', 'ord_type': 'limit', 'price': '181.0', 'state': 'wait', 'market': 'KRW-IGNIS', 'created_at': '2021-03-27T09:57:12+09:00', 'volume': '55.24861878', 'remaining_volume': '55.24861878', 'reserved_fee': '4.99999999959', 'remaining_fee': '4.99999999959', 'paid_fee': '0.0', 'locked': '10004.99999917959', 'executed_volume': '0.0', 'trades_count': 0}
2021-03-27 01:12:23.001726{'uuid': 'bc0cc52e-ef64-4659-8847-a4dda56d6628', 'side': 'bid', 'ord_type': 'limit', 'price': '142.0', 'state': 'wait', 'market': 'KRW-SNT', 'created_at': '2021-03-27T10:12:22+09:00', 'volume': '70.42253521', 'remaining_volume': '70.42253521', 'reserved_fee': '4.99999999991', 'remaining_fee': '4.99999999991', 'paid_fee': '0.0', 'locked': '10004.99999981991', 'executed_volume': '0.0', 'trades_count': 0}
2021-03-27 01:44:36.029022{'uuid': '3a1d3755-f424-4036-99f8-ec180a425f08', 'side': 'bid', 'ord_type': 'limit', 'price': '249.0', 'state': 'wait', 'market': 'KRW-META', 'created_at': '2021-03-27T10:44:35+09:00', 'volume': '40.16064257', 'remaining_volume': '40.16064257', 'reserved_fee': '4.999999999965', 'remaining_fee': '4.999999999965', 'paid_fee': '0.0', 'locked': '10004.999999929965', 'executed_volume': '0.0', 'trades_count': 0}
2021-03-27 01:53:02.282401{'uuid': '4eaeff95-080a-4b68-a986-2afbe2f7213f', 'side': 'bid', 'ord_type': 'limit', 'price': '61.8', 'state': 'wait', 'market': 'KRW-IOST', 'created_at': '2021-03-27T10:53:02+09:00', 'volume': '163.93442622', 'remaining_volume': '163.93442622', 'reserved_fee': '5.065573770198', 'remaining_fee': '5.065573770198', 'paid_fee': '0.0', 'locked': '10136.213114166198', 'executed_volume': '0.0', 'trades_count': 0}
2021-03-27 02:21:02.662387{'uuid': '543afd37-7514-4c4d-822c-fb4ccd8969b5', 'side': 'bid', 'ord_type': 'limit', 'price': '766.0', 'state': 'wait', 'market': 'KRW-SAND', 'created_at': '2021-03-27T11:21:02+09:00', 'volume': '13.05483028', 'remaining_volume': '13.05483028', 'reserved_fee': '4.99999999724', 'remaining_fee': '4.99999999724', 'paid_fee': '0.0', 'locked': '10004.99999447724', 'executed_volume': '0.0', 'trades_count': 0}
2021-03-27 02:39:46.585413{'uuid': '34535150-f3d1-431e-adcf-1f0bdc006f44', 'side': 'bid', 'ord_type': 'limit', 'price': '330.0', 'state': 'wait', 'market': 'KRW-DKA', 'created_at': '2021-03-27T11:39:46+09:00', 'volume': '30.3030303', 'remaining_volume': '30.3030303', 'reserved_fee': '4.9999999995', 'remaining_fee': '4.9999999995', 'paid_fee': '0.0', 'locked': '10004.9999989995', 'executed_volume': '0.0', 'trades_count': 0}
2021-03-27 03:23:19.215549{'uuid': 'cbe23242-afe3-4fc0-a4cf-33290947b92b', 'side': 'bid', 'ord_type': 'limit', 'price': '2370.0', 'state': 'wait', 'market': 'KRW-KMD', 'created_at': '2021-03-27T12:23:19+09:00', 'volume': '4.21940928', 'remaining_volume': '4.21940928', 'reserved_fee': '4.9999999968', 'remaining_fee': '4.9999999968', 'paid_fee': '0.0', 'locked': '10004.9999935968', 'executed_volume': '0.0', 'trades_count': 0}
2021-03-27 03:24:41.028455{'uuid': 'dc27e49e-4582-465f-b2fd-37402c98bc71', 'side': 'bid', 'ord_type': 'limit', 'price': '27.2', 'state': 'wait', 'market': 'KRW-SC', 'created_at': '2021-03-27T12:24:40+09:00', 'volume': '370.37037037', 'remaining_volume': '370.37037037', 'reserved_fee': '5.037037037032', 'remaining_fee': '5.037037037032', 'paid_fee': '0.0', 'locked': '10079.111111101032', 'executed_volume': '0.0', 'trades_count': 0}
2021-03-27 03:34:16.189708{'uuid': 'd600caef-4063-4370-aace-ddd4c9aca8ea', 'side': 'bid', 'ord_type': 'limit', 'price': '88.0', 'state': 'wait', 'market': 'KRW-LAMB', 'created_at': '2021-03-27T12:34:16+09:00', 'volume': '113.63636363', 'remaining_volume': '113.63636363', 'reserved_fee': '4.99999999972', 'remaining_fee': '4.99999999972', 'paid_fee': '0.0', 'locked': '10004.99999943972', 'executed_volume': '0.0', 'trades_count': 0}
2021-03-27 05:58:37.871399{'uuid': '944422fe-8a72-4988-a5e6-907e3dbf51c8', 'side': 'bid', 'ord_type': 'limit', 'price': '6550.0', 'state': 'wait', 'market': 'KRW-OMG', 'created_at': '2021-03-27T14:58:37+09:00', 'volume': '1.52671755', 'remaining_volume': '1.52671755', 'reserved_fee': '4.99999997625', 'remaining_fee': '4.99999997625', 'paid_fee': '0.0', 'locked': '10004.99995247625', 'executed_volume': '0.0', 'trades_count': 0}
2021-03-27 06:53:47.623023{'uuid': '8f17a68a-a3cb-43e5-891f-786249eb6568', 'side': 'bid', 'ord_type': 'limit', 'price': '676.0', 'state': 'wait', 'market': 'KRW-POLY', 'created_at': '2021-03-27T15:53:47+09:00', 'volume': '14.7928994', 'remaining_volume': '14.7928994', 'reserved_fee': '4.9999999972', 'remaining_fee': '4.9999999972', 'paid_fee': '0.0', 'locked': '10004.9999943972', 'executed_volume': '0.0', 'trades_count': 0}
2021-03-27 06:54:24.199490{'uuid': '7e9f552b-d531-4ef8-a75c-3f2f89925efa', 'side': 'bid', 'ord_type': 'limit', 'price': '285.0', 'state': 'wait', 'market': 'KRW-MOC', 'created_at': '2021-03-27T15:54:24+09:00', 'volume': '35.08771929', 'remaining_volume': '35.08771929', 'reserved_fee': '4.999999998825', 'remaining_fee': '4.999999998825', 'paid_fee': '0.0', 'locked': '10004.999997648825', 'executed_volume': '0.0', 'trades_count': 0}
2021-03-27 07:52:18.524328{'uuid': 'c659d5e6-765a-4ef9-95fb-72fe58c37de8', 'side': 'bid', 'ord_type': 'limit', 'price': '4.5', 'state': 'wait', 'market': 'KRW-BTT', 'created_at': '2021-03-27T16:52:18+09:00', 'volume': '2500.0', 'remaining_volume': '2500.0', 'reserved_fee': '5.625', 'remaining_fee': '5.625', 'paid_fee': '0.0', 'locked': '11255.625', 'executed_volume': '0.0', 'trades_count': 0}
2021-03-27 08:00:50.200313{'uuid': 'c239417f-5d07-46b0-92b3-b79f85b8f238', 'side': 'bid', 'ord_type': 'limit', 'price': '2560.0', 'state': 'wait', 'market': 'KRW-ICX', 'created_at': '2021-03-27T17:00:50+09:00', 'volume': '3.90625', 'remaining_volume': '3.90625', 'reserved_fee': '5.0', 'remaining_fee': '5.0', 'paid_fee': '0.0', 'locked': '10005.0', 'executed_volume': '0.0', 'trades_count': 0}
2021-03-27 08:54:44.789818{'uuid': '6686abd5-9d01-4505-ba11-6e3fb063f446', 'side': 'bid', 'ord_type': 'limit', 'price': '541.0', 'state': 'wait', 'market': 'KRW-CVC', 'created_at': '2021-03-27T17:54:44+09:00', 'volume': '18.48428835', 'remaining_volume': '18.48428835', 'reserved_fee': '4.999999998675', 'remaining_fee': '4.999999998675', 'paid_fee': '0.0', 'locked': '10004.999997348675', 'executed_volume': '0.0', 'trades_count': 0}
2021-03-27 10:46:53.249650{'uuid': '605a0771-83b2-4a98-b06b-b6e84810509c', 'side': 'bid', 'ord_type': 'limit', 'price': '47.5', 'state': 'wait', 'market': 'KRW-QKC', 'created_at': '2021-03-27T19:46:53+09:00', 'volume': '212.76595744', 'remaining_volume': '212.76595744', 'reserved_fee': '5.0531914892', 'remaining_fee': '5.0531914892', 'paid_fee': '0.0', 'locked': '10111.4361698892', 'executed_volume': '0.0', 'trades_count': 0}
2021-03-27 11:22:48.274841{'uuid': '65399dd4-730d-4fe1-a43e-f7eddaeeca47', 'side': 'bid', 'ord_type': 'limit', 'price': '331.0', 'state': 'wait', 'market': 'KRW-ARDR', 'created_at': '2021-03-27T20:22:48+09:00', 'volume': '30.21148036', 'remaining_volume': '30.21148036', 'reserved_fee': '4.99999999958', 'remaining_fee': '4.99999999958', 'paid_fee': '0.0', 'locked': '10004.99999915958', 'executed_volume': '0.0', 'trades_count': 0}
2021-03-27 11:39:36.551528{'uuid': 'cda65d6b-98be-464e-830d-6479b34c889c', 'side': 'bid', 'ord_type': 'limit', 'price': '184.0', 'state': 'wait', 'market': 'KRW-ANKR', 'created_at': '2021-03-27T20:39:36+09:00', 'volume': '54.34782608', 'remaining_volume': '54.34782608', 'reserved_fee': '4.99999999936', 'remaining_fee': '4.99999999936', 'paid_fee': '0.0', 'locked': '10004.99999871936', 'executed_volume': '0.0', 'trades_count': 0}
2021-03-27 17:01:16.629037{'uuid': '05b4cb9e-9f93-4d46-830b-6d2c9deed53d', 'side': 'bid', 'ord_type': 'limit', 'price': '66904000.0', 'state': 'wait', 'market': 'KRW-BTC', 'created_at': '2021-03-28T02:01:16+09:00', 'volume': '0.00014946', 'remaining_volume': '0.00014946', 'reserved_fee': '4.99973592', 'remaining_fee': '4.99973592', 'paid_fee': '0.0', 'locked': '10004.47157592', 'executed_volume': '0.0', 'trades_count': 0}
2021-03-27 17:24:50.049306{'uuid': '00b1d6e4-864f-4baa-87e7-458f242c02c0', 'side': 'bid', 'ord_type': 'limit', 'price': '8045.0', 'state': 'wait', 'market': 'KRW-CBK', 'created_at': '2021-03-28T02:24:49+09:00', 'volume': '1.24300807', 'remaining_volume': '1.24300807', 'reserved_fee': '4.999999961575', 'remaining_fee': '4.999999961575', 'paid_fee': '0.0', 'locked': '10004.999923111575', 'executed_volume': '0.0', 'trades_count': 0}
2021-03-27 17:25:39.326750{'uuid': 'fb0b90d4-0f33-4bec-a682-30881961e972', 'side': 'bid', 'ord_type': 'limit', 'price': '870.0', 'state': 'wait', 'market': 'KRW-STEEM', 'created_at': '2021-03-28T02:25:39+09:00', 'volume': '11.49425287', 'remaining_volume': '11.49425287', 'reserved_fee': '4.99999999845', 'remaining_fee': '4.99999999845', 'paid_fee': '0.0', 'locked': '10004.99999689845', 'executed_volume': '0.0', 'trades_count': 0}
2021-03-27 17:34:27.573700{'uuid': 'bae55402-7cbc-4014-aecb-d408c73d47a0', 'side': 'bid', 'ord_type': 'limit', 'price': '105.0', 'state': 'wait', 'market': 'KRW-QTCON', 'created_at': '2021-03-28T02:34:27+09:00', 'volume': '95.23809523', 'remaining_volume': '95.23809523', 'reserved_fee': '4.999999999575', 'remaining_fee': '4.999999999575', 'paid_fee': '0.0', 'locked': '10004.999999149575', 'executed_volume': '0.0', 'trades_count': 0}
2021-03-27 17:54:54.206773{'uuid': 'c818b2fa-6913-413f-9ca4-720d40136a70', 'side': 'bid', 'ord_type': 'limit', 'price': '295.0', 'state': 'wait', 'market': 'KRW-WAXP', 'created_at': '2021-03-28T02:54:54+09:00', 'volume': '33.89830508', 'remaining_volume': '33.89830508', 'reserved_fee': '4.9999999993', 'remaining_fee': '4.9999999993', 'paid_fee': '0.0', 'locked': '10004.9999985993', 'executed_volume': '0.0', 'trades_count': 0}
2021-03-27 19:07:02.642138{'uuid': 'ee8a77c2-3d9e-43a6-a849-2ddf96aadeb9', 'side': 'bid', 'ord_type': 'limit', 'price': '1120.0', 'state': 'wait', 'market': 'KRW-MANA', 'created_at': '2021-03-28T04:07:02+09:00', 'volume': '8.92857142', 'remaining_volume': '8.92857142', 'reserved_fee': '4.9999999952', 'remaining_fee': '4.9999999952', 'paid_fee': '0.0', 'locked': '10004.9999903952', 'executed_volume': '0.0', 'trades_count': 0}
2021-03-27 21:22:51.329742{'uuid': 'a85b2fae-fd35-4094-88e9-dc69b60adb7b', 'side': 'bid', 'ord_type': 'limit', 'price': '173.0', 'state': 'wait', 'market': 'KRW-PXL', 'created_at': '2021-03-28T06:22:51+09:00', 'volume': '57.8034682', 'remaining_volume': '57.8034682', 'reserved_fee': '4.9999999993', 'remaining_fee': '4.9999999993', 'paid_fee': '0.0', 'locked': '10004.9999985993', 'executed_volume': '0.0', 'trades_count': 0}
2021-03-27 21:51:48.756699{'uuid': '98b60071-513a-4c19-b3bc-d3fe47afbce9', 'side': 'bid', 'ord_type': 'limit', 'price': '30.5', 'state': 'wait', 'market': 'KRW-CRE', 'created_at': '2021-03-28T06:51:48+09:00', 'volume': '333.33333333', 'remaining_volume': '333.33333333', 'reserved_fee': '5.0833333332825', 'remaining_fee': '5.0833333332825', 'paid_fee': '0.0', 'locked': '10171.7499998982825', 'executed_volume': '0.0', 'trades_count': 0}
2021-03-27 22:14:50.535383{'uuid': '520e30c1-4dcc-414f-8481-4251ed921438', 'side': 'bid', 'ord_type': 'limit', 'price': '306.0', 'state': 'wait', 'market': 'KRW-LBC', 'created_at': '2021-03-28T07:14:50+09:00', 'volume': '32.67973856', 'remaining_volume': '32.67973856', 'reserved_fee': '4.99999999968', 'remaining_fee': '4.99999999968', 'paid_fee': '0.0', 'locked': '10004.99999935968', 'executed_volume': '0.0', 'trades_count': 0}
2021-03-27 22:21:20.843658{'uuid': 'e63de9e5-266a-4b84-a0bc-df6ae326cdc3', 'side': 'bid', 'ord_type': 'limit', 'price': '645.0', 'state': 'wait', 'market': 'KRW-CHZ', 'created_at': '2021-03-28T07:21:20+09:00', 'volume': '15.50387596', 'remaining_volume': '15.50387596', 'reserved_fee': '4.9999999971', 'remaining_fee': '4.9999999971', 'paid_fee': '0.0', 'locked': '10004.9999941971', 'executed_volume': '0.0', 'trades_count': 0}
2021-03-27 23:14:23.001587{'uuid': '26b1184d-d298-4c3f-af90-26fddcc8daef', 'side': 'bid', 'ord_type': 'limit', 'price': '68.6', 'state': 'wait', 'market': 'KRW-EDR', 'created_at': '2021-03-28T08:14:22+09:00', 'volume': '147.05882352', 'remaining_volume': '147.05882352', 'reserved_fee': '5.044117646736', 'remaining_fee': '5.044117646736', 'paid_fee': '0.0', 'locked': '10093.279411118736', 'executed_volume': '0.0', 'trades_count': 0}
2021-03-27 23:37:41.251435{'uuid': 'f79b7283-8c21-4f05-82bb-24743c69756a', 'side': 'bid', 'ord_type': 'limit', 'price': '289.0', 'state': 'wait', 'market': 'KRW-UPP', 'created_at': '2021-03-28T08:37:41+09:00', 'volume': '34.60207612', 'remaining_volume': '34.60207612', 'reserved_fee': '4.99999999934', 'remaining_fee': '4.99999999934', 'paid_fee': '0.0', 'locked': '10004.99999867934', 'executed_volume': '0.0', 'trades_count': 0}
2021-03-28 00:01:47.910626{'uuid': 'c6e829ef-936b-4c4c-b2b9-97f29ec97a22', 'side': 'bid', 'ord_type': 'limit', 'price': '656.0', 'state': 'wait', 'market': 'KRW-HIVE', 'created_at': '2021-03-28T09:01:47+09:00', 'volume': '15.24390243', 'remaining_volume': '15.24390243', 'reserved_fee': '4.99999999704', 'remaining_fee': '4.99999999704', 'paid_fee': '0.0', 'locked': '10004.99999407704', 'executed_volume': '0.0', 'trades_count': 0}
2021-03-28 00:02:08.382288{'uuid': '98b4f7fe-971d-42bc-a8dd-d057c53386be', 'side': 'bid', 'ord_type': 'limit', 'price': '103.0', 'state': 'wait', 'market': 'KRW-LAMB', 'created_at': '2021-03-28T09:02:08+09:00', 'volume': '97.08737864', 'remaining_volume': '97.08737864', 'reserved_fee': '4.99999999996', 'remaining_fee': '4.99999999996', 'paid_fee': '0.0', 'locked': '10004.99999991996', 'executed_volume': '0.0', 'trades_count': 0}
2021-03-28 00:02:57.462304{'uuid': 'f8a5979f-51a2-46ca-934b-6174c3606a83', 'side': 'bid', 'ord_type': 'limit', 'price': '156.0', 'state': 'wait', 'market': 'KRW-SSX', 'created_at': '2021-03-28T09:02:57+09:00', 'volume': '64.1025641', 'remaining_volume': '64.1025641', 'reserved_fee': '4.9999999998', 'remaining_fee': '4.9999999998', 'paid_fee': '0.0', 'locked': '10004.9999995998', 'executed_volume': '0.0', 'trades_count': 0}
2021-03-28 00:06:21.597015{'uuid': '47cfb88d-11ae-4e76-b5d3-afd7c5a3c8b5', 'side': 'bid', 'ord_type': 'limit', 'price': '8380.0', 'state': 'wait', 'market': 'KRW-SBD', 'created_at': '2021-03-28T09:06:21+09:00', 'volume': '1.19331742', 'remaining_volume': '1.19331742', 'reserved_fee': '4.9999999898', 'remaining_fee': '4.9999999898', 'paid_fee': '0.0', 'locked': '10004.9999795898', 'executed_volume': '0.0', 'trades_count': 0}
2021-03-28 00:06:27.755288{'uuid': '9331042e-9347-49fb-8a24-19cb9c20f27d', 'side': 'bid', 'ord_type': 'limit', 'price': '187.0', 'state': 'wait', 'market': 'KRW-IGNIS', 'created_at': '2021-03-28T09:06:27+09:00', 'volume': '53.47593582', 'remaining_volume': '53.47593582', 'reserved_fee': '4.99999999917', 'remaining_fee': '4.99999999917', 'paid_fee': '0.0', 'locked': '10004.99999833917', 'executed_volume': '0.0', 'trades_count': 0}
2021-03-28 00:08:29.898303{'uuid': 'e6a9ed58-5fec-47d8-b35e-c9653930519f', 'side': 'bid', 'ord_type': 'limit', 'price': '4790.0', 'state': 'wait', 'market': 'KRW-STORJ', 'created_at': '2021-03-28T09:08:29+09:00', 'volume': '2.08768267', 'remaining_volume': '2.08768267', 'reserved_fee': '4.99999999465', 'remaining_fee': '4.99999999465', 'paid_fee': '0.0', 'locked': '10004.99998929465', 'executed_volume': '0.0', 'trades_count': 0}
2021-03-28 00:10:15.569976{'uuid': '7b3a6dff-cd5e-4ac9-80cb-469a22a7459c', 'side': 'bid', 'ord_type': 'limit', 'price': '906.0', 'state': 'wait', 'market': 'KRW-STEEM', 'created_at': '2021-03-28T09:10:15+09:00', 'volume': '11.03752759', 'remaining_volume': '11.03752759', 'reserved_fee': '4.99999999827', 'remaining_fee': '4.99999999827', 'paid_fee': '0.0', 'locked': '10004.99999653827', 'executed_volume': '0.0', 'trades_count': 0}
2021-03-28 00:15:06.959139{'uuid': 'e857c1f1-9828-407d-b60c-50067f4bb1eb', 'side': 'bid', 'ord_type': 'limit', 'price': '516.0', 'state': 'wait', 'market': 'KRW-POWR', 'created_at': '2021-03-28T09:15:06+09:00', 'volume': '19.37984496', 'remaining_volume': '19.37984496', 'reserved_fee': '4.99999999968', 'remaining_fee': '4.99999999968', 'paid_fee': '0.0', 'locked': '10004.99999935968', 'executed_volume': '0.0', 'trades_count': 0}
2021-03-28 00:15:24.541829{'uuid': '65bc0c89-41bb-4b93-a90b-b70396275dbe', 'side': 'bid', 'ord_type': 'limit', 'price': '143.0', 'state': 'wait', 'market': 'KRW-SNT', 'created_at': '2021-03-28T09:15:24+09:00', 'volume': '69.93006993', 'remaining_volume': '69.93006993', 'reserved_fee': '4.999999999995', 'remaining_fee': '4.999999999995', 'paid_fee': '0.0', 'locked': '10004.999999989995', 'executed_volume': '0.0', 'trades_count': 0}
2021-03-28 00:18:43.892233{'uuid': 'b5ec1acc-5609-46ab-b8ec-f3d8a1ccac30', 'side': 'bid', 'ord_type': 'limit', 'price': '268.0', 'state': 'wait', 'market': 'KRW-ANKR', 'created_at': '2021-03-28T09:18:43+09:00', 'volume': '37.31343283', 'remaining_volume': '37.31343283', 'reserved_fee': '4.99999999922', 'remaining_fee': '4.99999999922', 'paid_fee': '0.0', 'locked': '10004.99999843922', 'executed_volume': '0.0', 'trades_count': 0}
2021-03-28 00:19:59.746170{'uuid': 'b5e5b64d-4e62-4d1d-938b-2de27ba0bfcb', 'side': 'bid', 'ord_type': 'limit', 'price': '1720.0', 'state': 'wait', 'market': 'KRW-ONT', 'created_at': '2021-03-28T09:19:59+09:00', 'volume': '5.81395348', 'remaining_volume': '5.81395348', 'reserved_fee': '4.9999999928', 'remaining_fee': '4.9999999928', 'paid_fee': '0.0', 'locked': '10004.9999855928', 'executed_volume': '0.0', 'trades_count': 0}
2021-03-28 00:21:14.914462{'uuid': '15a71399-3290-4e16-8b6d-4851f459791b', 'side': 'bid', 'ord_type': 'limit', 'price': '310.0', 'state': 'wait', 'market': 'KRW-MOC', 'created_at': '2021-03-28T09:21:14+09:00', 'volume': '32.25806451', 'remaining_volume': '32.25806451', 'reserved_fee': '4.99999999905', 'remaining_fee': '4.99999999905', 'paid_fee': '0.0', 'locked': '10004.99999809905', 'executed_volume': '0.0', 'trades_count': 0}
2021-03-28 00:31:35.833362{'uuid': '753820ec-66be-454c-9c3a-98ec9e58058b', 'side': 'bid', 'ord_type': 'limit', 'price': '360.0', 'state': 'wait', 'market': 'KRW-EMC2', 'created_at': '2021-03-28T09:31:35+09:00', 'volume': '27.77777777', 'remaining_volume': '27.77777777', 'reserved_fee': '4.9999999986', 'remaining_fee': '4.9999999986', 'paid_fee': '0.0', 'locked': '10004.9999971986', 'executed_volume': '0.0', 'trades_count': 0}
2021-03-28 00:38:38.400974{'uuid': 'e62d850f-6f4b-4816-a92a-17bf0ed80ab2', 'side': 'bid', 'ord_type': 'limit', 'price': '365.0', 'state': 'wait', 'market': 'KRW-ARDR', 'created_at': '2021-03-28T09:38:38+09:00', 'volume': '27.39726027', 'remaining_volume': '27.39726027', 'reserved_fee': '4.999999999275', 'remaining_fee': '4.999999999275', 'paid_fee': '0.0', 'locked': '10004.999998549275', 'executed_volume': '0.0', 'trades_count': 0}
2021-03-28 00:40:38.220162{'uuid': '90900d22-7c2e-41b4-9d87-3732a859a488', 'side': 'bid', 'ord_type': 'limit', 'price': '702.0', 'state': 'wait', 'market': 'KRW-POLY', 'created_at': '2021-03-28T09:40:38+09:00', 'volume': '14.24501424', 'remaining_volume': '14.24501424', 'reserved_fee': '4.99999999824', 'remaining_fee': '4.99999999824', 'paid_fee': '0.0', 'locked': '10004.99999647824', 'executed_volume': '0.0', 'trades_count': 0}
2021-03-28 00:51:07.634658{'uuid': '331719e4-fa97-4099-88e0-6db58028af46', 'side': 'bid', 'ord_type': 'limit', 'price': '5010.0', 'state': 'wait', 'market': 'KRW-XTZ', 'created_at': '2021-03-28T09:51:07+09:00', 'volume': '1.99600798', 'remaining_volume': '1.99600798', 'reserved_fee': '4.9999999899', 'remaining_fee': '4.9999999899', 'paid_fee': '0.0', 'locked': '10004.9999797899', 'executed_volume': '0.0', 'trades_count': 0}
2021-03-28 00:55:48.384986{'uuid': '9f9eade9-2004-40fb-b9a7-f629f3f24cd1', 'side': 'bid', 'ord_type': 'limit', 'price': '706.0', 'state': 'wait', 'market': 'KRW-PLA', 'created_at': '2021-03-28T09:55:48+09:00', 'volume': '14.16430594', 'remaining_volume': '14.16430594', 'reserved_fee': '4.99999999682', 'remaining_fee': '4.99999999682', 'paid_fee': '0.0', 'locked': '10004.99999363682', 'executed_volume': '0.0', 'trades_count': 0}
2021-03-28 01:15:49.568535{'uuid': '5f1d1beb-d017-4796-92cb-ef8c9f43d134', 'side': 'bid', 'ord_type': 'limit', 'price': '304.0', 'state': 'wait', 'market': 'KRW-UPP', 'created_at': '2021-03-28T10:15:49+09:00', 'volume': '32.89473684', 'remaining_volume': '32.89473684', 'reserved_fee': '4.99999999968', 'remaining_fee': '4.99999999968', 'paid_fee': '0.0', 'locked': '10004.99999935968', 'executed_volume': '0.0', 'trades_count': 0}
2021-03-28 01:16:12.094944{'uuid': '3e73f4dd-9a10-42d9-95a7-f72ee6a29ad9', 'side': 'bid', 'ord_type': 'limit', 'price': '3905.0', 'state': 'wait', 'market': 'KRW-SXP', 'created_at': '2021-03-28T10:16:12+09:00', 'volume': '2.56081946', 'remaining_volume': '2.56081946', 'reserved_fee': '4.99999999565', 'remaining_fee': '4.99999999565', 'paid_fee': '0.0', 'locked': '10004.99999129565', 'executed_volume': '0.0', 'trades_count': 0}
2021-03-28 01:20:02.360951{'uuid': '6aee4ba6-9972-49a1-8ed3-d670bd2fe23d', 'side': 'bid', 'ord_type': 'limit', 'price': '22880.0', 'state': 'wait', 'market': 'KRW-ATOM', 'created_at': '2021-03-28T10:20:02+09:00', 'volume': '0.43706293', 'remaining_volume': '0.43706293', 'reserved_fee': '4.9999999192', 'remaining_fee': '4.9999999192', 'paid_fee': '0.0', 'locked': '10004.9998383192', 'executed_volume': '0.0', 'trades_count': 0}
2021-03-28 01:54:57.157418{'uuid': '938b9e0a-0d69-4dae-bfd5-639c9db5f9c2', 'side': 'bid', 'ord_type': 'limit', 'price': '2225.0', 'state': 'wait', 'market': 'KRW-ARK', 'created_at': '2021-03-28T10:54:57+09:00', 'volume': '4.49438202', 'remaining_volume': '4.49438202', 'reserved_fee': '4.99999999725', 'remaining_fee': '4.99999999725', 'paid_fee': '0.0', 'locked': '10004.99999449725', 'executed_volume': '0.0', 'trades_count': 0}
2021-03-28 01:55:14.516061{'uuid': '118310b3-3bc7-4a87-8dd4-be1cce3f606d', 'side': 'bid', 'ord_type': 'limit', 'price': '2230.0', 'state': 'wait', 'market': 'KRW-MTL', 'created_at': '2021-03-28T10:55:14+09:00', 'volume': '4.48430493', 'remaining_volume': '4.48430493', 'reserved_fee': '4.99999999695', 'remaining_fee': '4.99999999695', 'paid_fee': '0.0', 'locked': '10004.99999389695', 'executed_volume': '0.0', 'trades_count': 0}
2021-03-28 01:58:18.256512{'uuid': 'fdb5e61e-1dc0-427d-8843-2cf5aee9e97e', 'side': 'bid', 'ord_type': 'limit', 'price': '2815.0', 'state': 'wait', 'market': 'KRW-KMD', 'created_at': '2021-03-28T10:58:18+09:00', 'volume': '3.55239786', 'remaining_volume': '3.55239786', 'reserved_fee': '4.99999998795', 'remaining_fee': '4.99999998795', 'paid_fee': '0.0', 'locked': '10004.99997588795', 'executed_volume': '0.0', 'trades_count': 0}
2021-03-28 01:59:42.578714{'uuid': '0b922cd3-0525-4afb-80cb-7917d758fdb4', 'side': 'bid', 'ord_type': 'limit', 'price': '11030.0', 'state': 'wait', 'market': 'KRW-AQT', 'created_at': '2021-03-28T10:59:42+09:00', 'volume': '0.90661831', 'remaining_volume': '0.90661831', 'reserved_fee': '4.99999997965', 'remaining_fee': '4.99999997965', 'paid_fee': '0.0', 'locked': '10004.99995927965', 'executed_volume': '0.0', 'trades_count': 0}
2021-03-28 02:00:57.778170{'uuid': '9f3cca54-5b29-4b97-9199-048191eb36eb', 'side': 'bid', 'ord_type': 'limit', 'price': '32640.0', 'state': 'wait', 'market': 'KRW-LINK', 'created_at': '2021-03-28T11:00:57+09:00', 'volume': '0.30637254', 'remaining_volume': '0.30637254', 'reserved_fee': '4.9999998528', 'remaining_fee': '4.9999998528', 'paid_fee': '0.0', 'locked': '10004.9997054528', 'executed_volume': '0.0', 'trades_count': 0}
2021-03-28 02:01:04.917257{'uuid': 'f4ae25e4-918a-445b-81ac-4dc36d1128e5', 'side': 'bid', 'ord_type': 'limit', 'price': '163.0', 'state': 'wait', 'market': 'KRW-MARO', 'created_at': '2021-03-28T11:01:04+09:00', 'volume': '61.34969325', 'remaining_volume': '61.34969325', 'reserved_fee': '4.999999999875', 'remaining_fee': '4.999999999875', 'paid_fee': '0.0', 'locked': '10004.999999749875', 'executed_volume': '0.0', 'trades_count': 0}
2021-03-28 02:01:26.789318{'uuid': '0e619be4-d4e1-459e-b0e6-053ec7845bfa', 'side': 'bid', 'ord_type': 'limit', 'price': '1735.0', 'state': 'wait', 'market': 'KRW-ZRX', 'created_at': '2021-03-28T11:01:26+09:00', 'volume': '5.76368876', 'remaining_volume': '5.76368876', 'reserved_fee': '4.9999999993', 'remaining_fee': '4.9999999993', 'paid_fee': '0.0', 'locked': '10004.9999985993', 'executed_volume': '0.0', 'trades_count': 0}
2021-03-28 02:02:58.748831{'uuid': 'dea30294-5376-4c35-b760-30a4203fb38e', 'side': 'bid', 'ord_type': 'limit', 'price': '8335.0', 'state': 'wait', 'market': 'KRW-CBK', 'created_at': '2021-03-28T11:02:58+09:00', 'volume': '1.19976004', 'remaining_volume': '1.19976004', 'reserved_fee': '4.9999999667', 'remaining_fee': '4.9999999667', 'paid_fee': '0.0', 'locked': '10004.9999333667', 'executed_volume': '0.0', 'trades_count': 0}
2021-03-28 02:09:38.076577{'uuid': 'e79d0c78-2848-4be5-839d-9298f05c40d2', 'side': 'bid', 'ord_type': 'limit', 'price': '567.0', 'state': 'wait', 'market': 'KRW-CVC', 'created_at': '2021-03-28T11:09:38+09:00', 'volume': '17.6366843', 'remaining_volume': '17.6366843', 'reserved_fee': '4.99999999905', 'remaining_fee': '4.99999999905', 'paid_fee': '0.0', 'locked': '10004.99999809905', 'executed_volume': '0.0', 'trades_count': 0}